2046 3272
960 148 1241 187 —12-

460 263 724 304 Statue'ndum
762 264 883 314 igitur
924 267 1001 317 est,
1051 264 1278 315 ubicunque
1330 264 1510 315 loquenti
1548 265 1695 305 aoristo
1718 279 1845 318 -opns

349 336 466 384 esset,
496 344 626 382 neque
666 344 712 371 eo
754 332 794 371 in
824 333 1084 383 praeteritum
1125 334 1279 383 tempus
1318 332 1537 384 translato,
1575 332 1646 373 sed
1687 345 1733 373 eo
1775 336 1860 386 qui>

350 401 488 441 aoristi
518 400 668 452 solum,
711 400 839 451 qualis
880 402 921 440 in
951 400 1144 440 infinitivo
1176 403 1323 451 exstat,
1361 401 1440 439 vim
1478 394 1610 451 neque
1652 402 1854 453 temporis,

299 517 302 521 Ι
353 469 471 508 simul
502 469 705 508 notionem
734 467 879 519 ferret,
920 468 1055 507 aoristi
1085 468 1340 507 indicativum
1370 471 1604 519 usurpatum
1636 481 1722 508 esse
1752 470 1845 509 dum

350 549 423 588 per
453 536 654 587 augmenti
686 538 868 575 naturam
899 536 1050 575 liceret.
1518 526 1521 531 ’

465 604 681 654 Augmenti
724 606 856 643 autem
899 604 1100 643 notionem
1132 605 1288 643 minime
1318 616 1404 644 esse
1434 605 1684 644 obliteratam
1715 617 1765 645 ex
1796 618 1843 645 eo

349 674 562 725 colligitur,
592 673 701 724 quod
730 675 821 723 post
850 673 1013 711 Homeri
1045 673 1161 711 etiam
1191 676 1371 723 tempora
1399 674 1562 725 propria
1591 674 1678 724 ejus
1707 675 1768 713 vis
1797 674 1840 714 in
1858 696 1867 711 -,

354 754 501 781 novum
532 741 751 779 vocabatur
781 753 916 791 usum,
958 741 1027 790 qui
1057 743 1188 779 exstat
1216 741 1257 778 in
1292 741 1534 791 imperfectis
1564 742 1844 792 hypotheticis.
1895 763 1900 767 ·
1955 763 1961 769 ·

351 812 465 850 Neve
497 810 586 860 quis
626 821 675 849 ex
706 821 773 860 eo,
812 808 919 859 quod
960 811 1217 859 augmentum
1257 821 1451 860 persaepe
1491 809 1598 860 apud
1627 810 1844 851 Homerum

351 879 465 917 deest
494 880 615 926 atque
646 877 694 915 ab
714 877 857 915 Atticis
888 877 1005 914 etiam
1029 877 1293 925 scriptoribus
1312 877 1510 915 interdum
1532 877 1734 929 omittitur,
1764 890 1844 917 non

351 947 406 984 ita
436 945 569 994 magni
600 944 640 982 id
670 943 720 982 ad
751 945 942 994 temporis
972 944 1172 983 notionem
1204 943 1452 983 efficiendam
1489 944 1613 984 fuisse
1654 945 1844 995 ponderis

355 1014 526 1062 colligat.
587 1012 717 1060 Quum
758 1012 863 1050 enim
894 1014 1075 1061 tempora
1111 1014 1323 1062 augmento
1359 1012 1541 1062 praedita
1570 1012 1655 1051 aliis
1685 1015 1845 1062 praeter

351 1080 454 1120 illud
479 1079 598 1119 rebus
627 1092 651 1118 a
672 1080 815 1119 ceteris
837 1079 996 1119 differre
1018 1080 1261 1131 coepissent,
1291 1079 1498 1119 excidebat
1519 1084 1845 1132 saepe'augmen·

351 1152 446 1200 tum,
487 1161 610 1199 quum
642 1151 866 1187 remaneret
895 1148 935 1186 in
965 1149 1089 1187 verbo
1121 1149 1206 1187 eius
1235 1150 1426 1198 potestas.
1456 1161 1493 1186 v.
1521 1148 1716 1199 Curtium,
1757 1149 1842 1187 Erl.

351 1229 389 1256 z.
412 1216 595 1266 Schmyr.
612 1215 635 1262 ξ
659 1218 753 1268 234,
778 1217 870 1255 235.

466 1353 693 1402 Explanata
723 1353 847 1403 igitur
877 1352 1065 1403 temporis
1095 1352 1135 1390 in
1166 1351 1408 1402 temporibus
1450 1351 1736 1402 significatione
1765 1352 1843 1391 iam

350 1421 398 1460 de
428 1421 554 1459 tribus
586 1420 754 1459 actionis
784 1420 995 1471 generibus
1036 1420 1075 1458 in
1106 1420 1228 1460 verbo
1264 1420 1458 1459 distinctis
1488 1419 1737 1460 disseremus.
1794 1420 1841 1459 In
1878 1450 1880 1453 .

350 1502 430 1539 quo
461 1501 678 1541 monemus,
707 1501 757 1528 ne
788 1489 878 1538 quis
908 1489 1073 1527 actionis
1105 1492 1143 1527 et
1172 1489 1362 1538 temporis
1402 1488 1584 1527 notiones
1615 1487 1844 1527 confundat.

461 1557 593 1596 Antea
623 1569 746 1608 quum
777 1557 856 1596 duo
888 1559 1039 1596 tantum
1061 1556 1226 1596 actionis
1247 1568 1397 1606 genera
1417 1558 1648 1606 statuerent,
1678 1556 1844 1595 alterum

347 1626 583 1676 praesentis,
613 1638 695 1675 qua
725 1625 827 1663 aetio
859 1612 1019 1675 in'fecta,
1050 1625 1177 1663 altera
1206 1624 1388 1675 perfecti,
1418 1636 1499 1674 qua
1529 1624 1633 1663 actio
1663 1623 1843 1674 perfecta

349 1694 633 1744 contineretur,
675 1695 720 1731 ut
750 1705 830 1743 quo
861 1693 1050 1731 aoristum
1081 1694 1171 1743 apte
1202 1691 1400 1731 referrent
1429 1692 1645 1742 nescirent,
1685 1692 1844 1732 Curtius

348 1761 500 1812 primus
530 1761 690 1800 tertiam
721 1759 875 1798 addidit
905 1760 1100 1798 actionem
1140 1759 1287 1799 aoristi.
1346 1760 1435 1799 Duo
1466 1759 1656 1810 imprimis
1686 1759 1727 1799 in
1755 1772 1843 1799 ver-

348 1830 386 1868 bi
417 1828 550 1879 graeci
580 1828 825 1878 temporibus
856 1827 1078 1878 spectanda
1107 1839 1193 1866 esse
1224 1827 1362 1879 docet,
1403 1827 1573 1877 primum
1605 1827 1713 1878 quod
1743 1827 1844 1867 Zeit-

346 1899 464 1947 stufe,
492 1898 663 1938 alterum
693 1896 801 1948 quod
833 1896 989 1936 Zeitart
1016 1896 1203 1948 appellat.
1260 1897 1408 1936 Prioris
1448 1897 1526 1936 tria
1562 1908 1649 1936 esse
1684 1909 1844 1948 genera,

348 1978 552 2017 praesens,
581 1965 856 2016 praeteritum,
886 1964 1063 2003 futurum
1084 1966 1253 2016 tempus,
1272 1965 1503 2016 posterioris
1523 1964 1698 2016 totidem,
1719 1977 1840 2004 unum
1885 1953 1889 1956 ⁴

349 2047 428 2085 quo
467 2035 614 2073 durare
654 2034 851 2073 actionem
892 2033 1110 2078 (dauernde
1139 2032 1371 2082 Handlunq,
1411 2035 1455 2072 ut
1495 2033 1536 2071 in
1577 2025 1844 2084 γιγνώσκειν

348 2103 551 2142 αῐῐιηᾰῖῑεή
581 2102 735 2140 [sennen
766 2095 936 2152 lernen),
975 2100 1140 2139 alterum
1170 2113 1249 2151 quo
1291 2101 1390 2140 inire
1421 2100 1678 2145 (eirztretende
1707 2101 1844 2140 Hand-

349 2173 465 2220 luny,
505 2173 550 2210 ut
578 2171 618 2209 in
648 2167 819 2221 γνῶναι
849 2169 1065 2216 erkennen,
1104 2172 1196 2208 inne
1235 2170 1410 2217 werden,
1451 2168 1641 2221 merken),
1681 2170 1843 2209 tertium

347 2252 426 2290 quo
457 2238 672 2289 perfectam
703 2249 791 2277 esse
821 2237 1019 2276 indicetur
1049 2235 1275 2284 (vollmzdete
1304 2237 1532 2287 Handluny,
1562 2240 1606 2276 ut
1634 2238 1675 2277 in
1706 2226 1840 2289 ἐγνω-

349 2304 473 2346 κέναι
503 2307 679 2346 erkamzt
705 2304 844 2357 haben,
874 2306 1026 2352 missen,
1056 2307 1201 2352 nosse).
1261 2306 1438 2355 Quorum
1458 2306 1627 2356 primum
1659 2305 1842 2345 omnibus

346 2377 586 2428 praesentis,
627 2376 795 2416 alterum
834 2375 1017 2415 omnibus
1057 2375 1210 2427 aoristi,
1249 2376 1409 2415 tertium
1451 2374 1631 2414 omnibus
1670 2373 1842 2424 perfecti

348 2445 474 2484 modis
504 2445 648 2484 inesse.
1276 2456 1279 2458 ·
1764 2487 1767 2490 ,
1894 2491 1899 2496 ,

461 2513 746 2552 Gravissimum
791 2515 922 2551 autem
963 2511 1175 2551 discrimen
1216 2513 1320 2551 inter
1367 2504 1511 2550 aoristi'
1542 2514 1582 2550 et
1619 2511 1842 2563 praesentis
1904 2523 1907 2526 ’

347 2582 525 2621 actiones
555 2582 774 2622 institutum
807 2583 880 2634 est,
911 2580 961 2619 de
991 2592 1070 2632 quo
1101 2580 1268 2633 primum
1297 2592 1472 2633 agamus.
