2046 3272
902 200 1181 240 „15-

416 318 577 367 Duplex
615 298 749 357 ‘autem
790 320 849 356 est
887 317 991 356 inter
1019 317 1211 356 aoristum
1253 319 1292 355 et
1321 327 1510 366 praesens
1540 317 1652 356 ratio.
1708 316 1790 354 Aut

306 387 412 426 enim
441 388 654 436 praesente
683 388 796 424 actus
825 386 890 425 vel
926 387 1052 424 status
1081 383 1350 436 significatur,
1390 385 1457 434 qui
1498 384 1549 423 ad
1590 397 1678 423 eum
1720 384 1788 434 qui

305 454 450 494 aoristo
481 454 705 493 continetur
735 455 920 494 effectum
948 454 1016 492 vel
1045 453 1102 492 rei
1132 454 1331 504 eventum,
1360 455 1403 491 ut
1423 453 1474 492 ad
1503 452 1622 492 finem
1651 452 1788 504 ipsius,

303 521 498 574 perducit,
527 525 571 562 ut
599 516 812 575 θνήσκειν
842 523 928 573 ejus
959 525 1019 561 est
1047 524 1186 572 status,
1215 522 1284 571 qui
1315 522 1365 560 ad
1394 525 1561 560 mortem
1591 519 1787 566 (θανεῖν)

304 593 494 642 properat
513 584 790 642 (γιγνώσκειν
809 590 1007 630 αῑῑνηὰῖῖίεή
1026 589 1180 630 hermen
1201 591 1349 641 lernen,
1378 587 1547 641 γνῶναι
1567 588 1792 635 erkermen;

306 655 485 697 πείθειν
523 660 714 706 suadere,
751 661 899 697 πεῖσαι
928 653 1207 710 persuadere).
1276 658 1358 696 Aut
1394 670 1441 696 ea
1470 661 1531 697 est
1570 657 1791 707 praesentis

310 720 507 774 notiosut
538 728 667 765 actum
696 727 762 765 vel
791 729 954 778 statum,
995 727 1062 776 qui
1094 726 1134 765 id
1164 726 1271 776 quod
1301 726 1449 765 aoristo
1481 726 1585 766 inest
1614 725 1793 780 sequitur

308 793 526 844 significet,
566 797 610 832 ut
639 788 821 845 φεύγειν
850 807 1038 845 praesens
1069 796 1125 839 (in
1149 795 1250 843 fuya
1280 793 1377 841 esse)
1408 798 1565 844 φυγεῖν
1604 794 1793 832 aoristum

308 860 462 911 (sugam
502 861 725 911 capessere)
762 864 954 914 sequitur.
1011 863 1169 902 Aoristo
1211 864 1340 901 autem
1377 864 1446 901 ant
1481 862 1513 900 is
1548 860 1794 913 significatur

311 931 375 969 rei
402 935 567 971 eventus
607 933 672 970 vel
703 933 885 982 effectus,
924 932 974 970 ad
1017 944 1132 981 quem
1173 932 1280 980 quod
1318 934 1527 980 praesente
1570 931 1795 969 continetur

312 997 456 1049 tendit,
496 1001 540 1037 ut
569 1004 715 1037 πεῖσαι
748 1002 806 1038 est
835 1000 1104 1048 persuadere,
1145 1011 1267 1049 quum
1307 995 1485 1036 πείθειν
1523 999 1573 1037 sit
1612 998 1795 1044 suadere,

308 1064 472 1117 πρᾶξαι
506 1069 735 1117 perficere,
777 1056 898 1117 quum
938 1060 1150 1117 πράττειν
1190 1068 1239 1105 sit
1282 1077 1418 1115 ayere,
1457 1067 1673 1112 betret‘ben,
1725 1068 1795 1103 aut

298 1134 462 1185 *suscipi
491 1137 713 1186 praesentis
745 1136 937 1174 actionem
967 1135 1033 1173 vel
1062 1134 1160 1173 inire
1191 1136 1335 1173 statum
1365 1134 1573 1186 indicatur,
1603 1136 1647 1173 ut
1675 1130 1795 1181 βασι-

316 1200 469 1240 λεῦσαι
501 1207 559 1242 est
588 1215 717 1252 reyem
743 1206 847 1251 fieri,
878 1214 1051 1252 reynare
1079 1205 1268 1251 incipere,
1298 1196 1478 1253 γελάσαι
1507 1205 1631 1241 risum
1653 1203 1798 1241 tollere.

425 1271 557 1322 Atque
599 1285 719 1322 quum
751 1273 897 1324 duplex
926 1272 1018 1311 hinc
1060 1272 1224 1311 exsistat
1262 1271 1396 1311 aoristi
1436 1274 1631 1322 potestas,
1670 1270 1798 1321 prima

313 1352 393 1391 qua
433 1341 490 1379 rei
530 1343 712 1392 effectus,
742 1342 877 1380 'altera
912 1354 993 1391 qua
1031 1341 1199 1379 aetionis
1229 1341 1279 1379 ad
1320 1341 1502 1379 effectum
1541 1339 1793 1391 perducentis

312 1408 466 1447 initium
496 1409 738 1460 concipitur,
782 1409 909 1449 eidem
940 1421 1061 1459 saepe
1092 1409 1239 1447 aoristo
1270 1409 1334 1447 vel
1364 1408 1474 1459 prior
1504 1409 1570 1447 vel
1599 1407 1796 1458 posterior

312 1469 548 1527 ‘significatio
590 1481 659 1516 est.
717 1478 789 1516 Est
819 1478 989 1528 exempli
1029 1478 1157 1527 gratia
1186 1482 1345 1528 φυγεῖν
1376 1479 1446 1516 aut
1488 1477 1529 1516 id
1570 1477 1680 1528 quod
1722 1489 1796 1517 nos

315 1544 479 1584 dicimus
511 1546 573 1584 die
601 1546 747 1584 Fluclzt
774 1546 974 1595 eryreifen
1002 1547 1071 1584 aut
1106 1545 1146 1583 id
1178 1545 1284 1595 quod
1315 1548 1377 1584 est
1406 1545 1534 1584 durch
1564 1547 1626 1585 die
1655 1547 1800 1585 Flucht

315 1613 578 1660 entlcommen;
616 1617 677 1653 est
715 1612 866 1661 βαλεῖν
905 1616 974 1652 aut
1009 1614 1116 1653 nach
1145 1615 1315 1661 J‘emand
1350 1616 1499 1663 mersen
1538 1617 1607 1654 aut
1631 1617 1802 1664 jemand

316 1683 492 1731 treffen.>
524 1682 699 1730 Quarum
731 1684 937 1722 notionum
979 1685 1189 1732 utramque
1230 1683 1344 1721 simul
1375 1683 1511 1722 eodem
1553 1695 1677 1736 saepe
1709 1685 1797 1725 loco

315 1752 477 1790 subesse
528 1752 706 1790 videmus
748 1745 896 1802 (ἔφυγε
950 1762 994 1789 er
1035 1752 1185 1800 erqriff
1219 1752 1281 1789 die
1321 1752 1466 1791 Flucht
1509 1753 1594 1790 und
1630 1738 1799 1801 eat'lcam,

317 1813 444 1866 ἔβαλε
475 1831 520 1858 er
550 1821 665 1869 mars
684 1821 768 1859 und
795 1820 909 1869 tras),
939 1822 983 1858 ut
1011 1819 1097 1859 initi
1127 1819 1243 1858 simul
1273 1822 1312 1858 et
1340 1832 1534 1870 prospere
1563 1822 1714 1871 peracti
1742 1821 1800 1860 fa-

317 1887 464 1926 cinoris
501 1889 609 1927 notio
645 1888 845 1927 reddatur.
913 1888 1060 1927 Aoristi
1103 1891 1234 1927 autem
1279 1900 1402 1937 quum
1443 1886 1596 1938 duplex'
1636 1890 1697 1928 vis
1739 1891 1799 1941 sit,

318 1954 474 2006 duplex⁴
498 1956 614 1994 etiam
643 1956 864 2006 praesentis
894 1958 964 2006 est,
994 1958 1038 1994 ut
1067 1968 1189 2006 quum
1211 1960 1369 2006 φυγεῖν
1399 1958 1467 1994 aut
1487 1956 1537 1995 sit
1566 1957 1629 1995 die
1656 1957 1803 1997 Flueht

317 2026 517 2072 erqrez'fm
556 2027 625 2063 aut
666 2024 795 2062 durch
825 2025 888 2062 die
917 2025 1063 2062 Flucht
1092 2024 1349 2072 entkommen,
1389 2017 1568 2075 φεύγειν
1609 2038 1801 2076 praesens

318 2097 476 2144 φυγεῖν
512 2093 701 2132 aoristum
742 2095 810 2132 aut
849 2092 1060 2132 antecedat
1099 2094 1270 2144 (φυγεῖν
1305 2104 1359 2131 zu
1387 2093 1627 2133 entlcommen
1653 2095 1802 2135 suellen

318 2179 375 2188 —-—
403 2167 561 2213 φυγεῖν
591 2157 849 2213 entlc‘ommen)
881 2164 951 2199 aut
977 2164 1166 2212 sequatur
1196 2161 1371 2213 (φυγεῖν
1391 2163 1453 2200 die
1475 2162 1620 2201 Fluchl
1649 2166 1801 2212 erqree'-

313 2230 385 2278 fen
414 2253 468 2258 —
498 2223 678 2282 φεύγειν
718 2231 800 2279 auf
832 2231 903 2270 der
935 2231 1083 2270 Flueht
1121 2230 1330 2278 befindlich
1358 2231 1459 2278 sein,
1502 2233 1543 2269 in
1576 2232 1679 2281 fuya
1721 2244 1804 2273 esse

290 2298 294 2302 '
318 2300 383 2338 vel
413 2301 584 2338 exsulem
613 2299 720 2347 esse).

432 2367 560 2416 Quum
601 2370 733 2407 autem
762 2367 897 2407 variae
926 2368 1004 2407 sint
1042 2368 1147 2407 inter
1177 2368 1368 2407 aoristum
1398 2370 1437 2406 et
1465 2380 1655 2418 praesens
1684 2370 1804 2409 ratio-

320 2449 404 2489 nes,
435 2437 705 2488 colligendum
735 2437 883 2488 ubique
914 2440 973 2476 est
1003 2449 1052 2476 ex
1082 2438 1272 2477 orationis
1301 2439 1507 2487 contextu,
1537 2449 1640 2488 quae
1671 2451 1805 2478 earum

318 2506 458 2545 subsit.
514 2505 647 2555 Atque
689 2517 810 2555 quum
839 2506 1062 2554 praesentis
1099 2505 1312 2544 indicativo
1342 2507 1504 2555 praeter
1535 2506 1662 2556 ipsam
1692 2519 1807 2557 prae-

319 2575 442 2614 sentis
471 2574 550 2613 vim
579 2573 800 2625 praesentis
840 2573 957 2613 etiam
986 2574 1176 2624 temporis
1206 2573 1313 2612 notio
1343 2572 1534 2624 adJuncta
1563 2574 1635 2626 sit,
1667 2587 1806 2626 quum-

322 2655 399 2691 que
430 2655 533 2693 quae
564 2644 603 2681 in
632 2651 820 2692 praesens
851 2644 1008 2692 tempus
1037 2642 1219 2680 incidunt
1227 2670 1238 2692 ,
1279 2641 1424 2680 durare
1468 2642 1713 2694 cogitentur,
1753 2644 1809 2682 ita

321 2720 443 2762 saepe
488 2722 553 2750 res
594 2710 718 2761 cadit,
758 2713 819 2762 ut,
869 2711 943 2749 etsi
983 2710 1118 2749 aoristi
1142 2710 1265 2769 'notio
1307 2709 1537 2762 exhibetur,
1587 2711 1810 2762 praesentis

320 2780 462 2819 tamen‘
480 2779 608 2819 forma
636 2780 872 2831 postuletur.
930 2779 994 2820 Sic
1023 2775 1217 2830 πείθειν,
1257 2779 1331 2818 etsi
1360 2790 1433 2830 per
1462 2792 1505 2819 se
1534 2793 1614 2819 non
1637 2791 1808 2830 persua-

322 2847 440 2888 ciendi
481 2849 541 2893 (ut
568 2852 745 2900 πεῖσαι),
785 2848 856 2888 sed
885 2849 1078 2887 suadendi
1112 2848 1229 2887 modo
1270 2848 1473 2888 notionem
1510 2849 1647 2902 habet,
1686 2862 1809 2900 quum
