2046 3272
1681 50 1710 85 “x

915 119 1197 160 „23-

319 165 343 185 ⁴

307 234 369 272 est
404 233 674 283 consequitur.
732 234 836 273 Nam
876 246 980 285 quae
1023 236 1124 275 actio
1168 236 1331 275 alteram
1361 234 1406 275 ut
1447 235 1502 274 ita
1541 235 1666 276 dicam
1696 249 1797 277 com-

283 301 511 357 ,plecti2ur‚
553 301 698 341 durare
728 301 904 353 fingitur.
962 304 1108 344 Aoristi
1138 306 1269 343 autem
1299 303 1509 354 participio
1539 305 1792 354 praeteritum

308 370 544 421 plerumque
582 369 741 410 facinus
781 361 1039 423 significatur.
1096 373 1255 413 Aoristo
1288 372 1391 411 enim
1422 371 1554 423 quum'
1573 372 1796 414 absolutum

309 439 561 477 contineatur
589 438 757 490 facinus,
787 441 896 489 quod
927 445 996 480 aut
1023 443 1102 480 tale
1132 443 1202 491 est,
1240 443 1284 479 ut
1313 442 1397 479 tota
1427 452 1529 490 quae
1558 441 1662 480 inest
1691 441 1795 480 actio

309 505 491 557 perfecta
520 506 582 558 sit,
612 508 656 545 ut
685 504 879 558 Κροῖσος
895 498 1023 547 Ἅλυν
1054 501 1204 557 διαβάς
1233 509 1268 547 se·
1300 511 1572 556 transqressus
1601 510 1689 557 erit,
1730 511 1799 549 aut

308 575 413 624 tale,
442 578 486 612 ut
516 575 671 612 initium
700 576 816 614 modo
847 577 1013 615 actionis
1045 577 1264 616 absolutum
1296 588 1380 614 esse
1411 577 1576 627 dicatur,
1605 579 1649 615 ut
1679 569 1798 628 γελά-

311 649 388 688 σας
419 634 542 680 εἶπεν
572 654 689 691 quum
717 644 852 683 ridere
881 647 1083 694 coepisset,
1112 658 1189 685 non
1220 645 1360 683 mirum
1391 646 1462 695 est,
1491 645 1599 695 quod
1629 646 1696 684 ubi
1726 659 1795 696 po-

308 710 382 750 sito
413 710 549 749 aoristi
578 711 789 762 participio
820 712 898 751 alia
928 716 1160 765 narrantur,
1196 711 1424 763 posterioris
1453 712 1552 752 haec
1583 724 1671 752 esse
1700 716 1796 752 tem-

307 779 416 829 poris
456 780 716 829 accipiuntur.
775 781 881 819 Fieri
920 783 1053 820 tamen
1083 784 1233 832 potest,
1272 784 1315 820 ut
1356 792 1457 830 quae
1492 781 1596 819 inter
1634 781 1792 830 partici-

308 846 417 897 pium
446 847 581 886 aoristi
611 849 649 886 et
678 846 951 901 indicativum,
980 862 1151 899 quocum
1181 848 1434 900 conjunctum
1463 848 1563 888 illud
1592 850 1672 900 est,
1701 851 1794 888 tem-

308 915 418 964 poris
446 916 546 953 ratio
578 915 798 954 intercedat
828 918 986 956 omnino
1017 930 1097 956 non
1127 918 1372 967 respiciatur,
1412 917 1482 955 sed
1513 928 1620 954 mera
1650 916 1797 955 aoristo

310 982 544 1022 exhibeatur
573 972 759 1023 facinoris
790 984 1040 1035 significandi
1070 988 1258 1035 potestas.
1315 986 1436 1024 Recte
1457 984 1578 1034 igitur
1608 984 1799 1024 dixerunt
1846 1010 1848 1013 s

313 1049 541 1088 habendum
573 1062 658 1089 esse
688 1050 749 1089 his
779 1051 876 1090 locis
907 1052 1044 1091 aoristi
1073 1052 1324 1103 participium
1360 1062 1432 1102 pro
1474 1051 1707 1104 indicativo,
1736 1052 1799 1091 cui

308 1113 383 1155 καί
422 1119 650 1158 coniunctio
692 1119 872 1159 addatur.
931 1119 1054 1160 Cuius
1093 1121 1250 1171 generis
1289 1132 1368 1159 non
1396 1133 1524 1171 pauca
1564 1123 1659 1160 sunt
1689 1121 1797 1171 apud

309 1186 526 1225 Homerum
556 1188 748 1239 exempla,
776 1190 820 1227 ut
848 1189 899 1226 Il.
931 1189 968 1239 5,
985 1178 1042 1228 '98
1065 1185 1138 1226 καὶ
1168 1177 1281 1236 βάλ’
1302 1183 1583 1236 ἐπαΐσσοντα,
1613 1200 1676 1226 τυ
1685 1181 1799 1239 χοὸν

310 1247 424 1291 κατὰ
454 1247 599 1303 δεξιὸν
629 1241 766 1306 ὦμον.
798 1276 855 1282 -
884 1257 989 1295 Plut.
1019 1257 1138 1296 Thes.
1172 1259 1222 1295 14
1254 1247 1278 1294 ὁ
1310 1251 1357 1294 δὲ
1391 1249 1558 1309 Θησεὺς
1587 1249 1795 1308 χειρωσά-

308 1333 441 1372 μενος
477 1317 549 1374 (sc.
584 1317 666 1362 τὸν
694 1317 1006 1375 Μαραθώνιον
1046 1320 1231 1377 ταῦρον)
1258 1320 1404 1372 {gued
1415 1321 1496 1373 εἰξ
1507 1336 1606 1362 ατο
1650 1322 1797 1373 ζῶντα

310 1382 383 1428 διὰ
412 1389 494 1428 τοῦ
525 1381 679 1439 ἄστεος
710 1385 933 1440 ἐλάσας,
966 1385 1060 1432 εἶτα
1090 1391 1155 1445 τῷ
1172 1382 1412 1432 Ἀπόλλωνι
1441 1387 1701 1431 κατέθυσεν.

423 1460 607 1500 Absoluti
646 1464 778 1501 autem
807 1461 996 1501 facinoris
1026 1463 1134 1501 notio
1166 1475 1287 1513 quum
1330 1461 1507 1501 omnibus
1550 1461 1686 1500 aoristi
1719 1473 1798 1499 mo-

312 1528 373 1567 dis
404 1541 530 1579 acque
561 1530 667 1581 insit,
696 1531 939 1569 coniunctivi
970 1530 1085 1569 etiam
1118 1533 1156 1570 et
1185 1530 1363 1582 optativi,
1392 1529 1424 1568 si
1455 1528 1507 1568 ad
1537 1528 1654 1568 aliam
1682 1528 1801 1568 actio-

310 1609 398 1635 nem
429 1598 678 1649 referuntur,
720 1611 767 1637 ea
797 1611 917 1648 saepe
945 1601 1123 1648 potestas
1154 1601 1230 1650 est,
1269 1601 1312 1637 ut
1341 1598 1463 1636 futuri
1495 1597 1643 1648 exacti,
1683 1597 1801 1646 quale

310 1664 544 1704 Latinorum
583 1669 659 1718 est,
695 1666 773 1705 vim
814 1666 1058 1717 adaequent,
1098 1668 1142 1704 ut
1178 1660 1276 1712 νέος
1317 1656 1373 1703 ἂν
1413 1657 1629 1717 πονήσῃς,
1669 1662 1802 1717 γῆρας

314 1725 421 1778 ἕξεις
453 1722 641 1777 εὐθαλές
672 1727 725 1782 (v.
746 1734 1012 1783 Kruegerum,
1041 1743 1104 1779 qr.
1128 1732 1313 1780 Sprachl.
1345 1733 1394 1770 ed
1414 1734 1460 1771 V.
1484 1729 1605 1783 1873,
1634 1733 1657 1776 §
1689 1734 1741 1771 53
1761 1732 1800 1783 b,

311 1811 350 1837 n.
377 1793 432 1850 5).
490 1799 624 1850 Atque
655 1812 775 1850 quum
807 1801 999 1840 aoristum
1029 1799 1229 1839 interdum
1259 1801 1298 1839 et
1326 1799 1492 1850 perfecti
1513 1802 1552 1839 et
1570 1800 1800 1850 plusquam-

312 1867 480 1918 perfecti
524 1869 613 1907 loco
658 1869 830 1919 positum
875 1880 961 1908 esse
991 1867 1215 1919 videamus,
1253 1870 1296 1907 ut
1326 1868 1410 1907 solo
1447 1869 1581 1907 notato
1625 1867 1803 1907 facinore

316 1936 383 1985 qui
414 1936 580 1975 subiecti
622 1939 749 1976 status
778 1936 879 1975 illud
910 1937 1093 1987 sequitur
1121 1949 1201 1975 non
1230 1935 1356 1975 forma
1385 1936 1456 1975 sed
1487 1936 1678 1975 sermonis
1709 1948 1799 1975 con—

314 2006 428 2043 textu
460 2004 717 2057 significetur,
746 2008 790 2044 ut
810 2006 843 2044 si
873 2018 947 2055 pro
978 1998 1021 2042 oi
1041 1996 1309 2056 τεθνηκότες
1338 2005 1500 2055 ponitur
1521 1997 1564 2042 οἱ
1584 1991 1804 2050 θανόντες

312 2072 376 2109 vel
406 2067 585 2123 ἐποίησε
615 2086 688 2123 pro
719 2065 975 2125 ἐπεποιήκει
1005 2067 1122 2123 (Xen.
1142 2071 1268 2110 Anab.
1301 2074 1336 2123 1,
1367 2076 1403 2124 1,
1433 2067 1489 2123 2),
1520 2072 1655 2111 aoristi
1684 2082 1802 2121 prae-

314 2141 377 2178 ter
418 2140 678 2179 indicativum
718 2141 824 2180 modi
866 2154 947 2181 non
988 2140 1179 2191 simplicis
1215 2140 1339 2179 solum
1373 2140 1518 2192 futuri,
1564 2139 1635 2179 sed
1675 2138 1799 2179 futuri

315 2208 435 2246 etiam
467 2208 709 2248 Graecorum
742 2210 871 2248 exacti
910 2210 1019 2249 vices
1050 2219 1170 2258 saepe
1200 2211 1471 2259 susceperunt.
1528 2207 1644 2248 Unde
1683 2219 1802 2259 prop-

312 2276 373 2314 ria
400 2276 523 2315 futuri
555 2278 682 2316 exacti
713 2278 820 2317 notio
850 2277 957 2328 apud
987 2277 1205 2315 Homerum
1236 2276 1393 2315 omnino
1423 2288 1502 2315 non
1533 2277 1672 2315 exstat.

429 2353 467 2384 (3.
507 2346 706 2385 Romanos
727 2359 848 2397 quum
869 2344 1262 2398 plusquamperfecto
1284 2347 1322 2384 et
1341 2344 1474 2384 futuro
1495 2346 1634 2383 exacto
1655 2355 1805 2382 merum

314 2413 582 2462 significarent
620 2414 776 2453 facinus
806 2427 937 2465 neque
968 2416 1113 2453 statum
1144 2414 1259 2451 simul
1289 2413 1329 2451 in
1367 2425 1413 2452 eo
1446 2412 1805 2463 conquiescentem,

312 2482 435 2519 totam
465 2493 599 2520 eorum
629 2484 850 2533 temporum
880 2484 1064 2521 naturam
1100 2481 1140 2519 in
1171 2480 1361 2520 relatione
1402 2481 1581 2531 posuisse
1623 2479 1804 2519 concedi-

314 2560 411 2586 mus.
469 2550 611 2599 Neque
640 2549 860 2599 imperfecti
890 2550 1007 2588 alium
1040 2548 1125 2587 fere
1155 2547 1410 2587 instituerunt
1439 2559 1555 2586 usum
1596 2559 1714 2597 quam
1743 2559 1805 2585 re-

313 2617 491 2656 lativum.
553 2617 630 2666 Qui
658 2621 789 2658 tamen
825 2619 873 2658 iis
905 2618 1017 2657 abest
1046 2616 1169 2668 locis,
1204 2616 1244 2655 in
1276 2616 1439 2668 quibus,
1478 2628 1600 2667 quum
1630 2615 1805 2655 actiones

315 2686 420 2724 inter
450 2698 491 2725 se
529 2687 770 2737 excipientes
801 2686 1055 2738 imperfectis
1076 2684 1306 2736 reddantur,
1335 2685 1433 2724 haec
1463 2684 1549 2724 sola
1579 2695 1714 2724 eorum
1743 2683 1805 2722 vis

314 2759 385 2807 est,
407 2757 450 2793 ut
473 2755 593 2794 animi
615 2755 655 2794 in
676 2755 876 2795 intuendis
898 2753 1142 2794 facinoribus
1161 2753 1420 2793 retineantur.
1478 2753 1644 2803 Saepius
1671 2754 1804 2791 tamen
