<?xml version="1.0" encoding="UTF-8"?>
<!DOCTYPE html PUBLIC "-//W3C//DTD XHTML 1.0 Transitional//EN"
    "http://www.w3.org/TR/xhtml1/DTD/xhtml1-transitional.dtd">
<html xmlns="http://www.w3.org/1999/xhtml" xml:lang="en" lang="en">
 <head>
  <title>
</title>
<meta http-equiv="Content-Type" content="text/html;charset=utf-8" />
  <meta name='ocr-system' content='tesseract 3.04.00' />
  <meta name='ocr-capabilities' content='ocr_page ocr_carea ocr_par ocr_line ocrx_word'/>
</head>
<body>
  <div class='ocr_page' id='page_1' title='image "./4626131_0051.png"; bbox 0 0 2046 3272; ppageno 0'>
   <div class='ocr_carea' id='block_1_1' title="bbox 351 198 1833 258">
    <p class='ocr_par' dir='ltr' id='par_1_1' title="bbox 351 198 1833 258">
     <span class='ocr_line' id='line_1_1' title="bbox 351 198 1833 258; baseline -0.001 -14"><span class='ocrx_word' id='word_1_1' title='bbox 351 207 403 244; x_wconf 86' lang='lat'><strong>21</strong></span> <span class='ocrx_word' id='word_1_2' title='bbox 435 199 532 242; x_wconf 80' lang='grc' dir='ltr'><em>ἐπεὶ</em></span> <span class='ocrx_word' id='word_1_3' title='bbox 563 200 610 242; x_wconf 78' lang='grc' dir='ltr'><strong>δὲ</strong></span> <span class='ocrx_word' id='word_1_4' title='bbox 641 200 906 257; x_wconf 78' lang='grc' dir='ltr'><em>ἐδείπνησαν</em></span> <span class='ocrx_word' id='word_1_5' title='bbox 935 198 1131 256; x_wconf 79' lang='grc' dir='ltr'><em>τάχιστα,</em></span> <span class='ocrx_word' id='word_1_6' title='bbox 1160 201 1445 258; x_wconf 80' lang='grc' dir='ltr'><em>παρεγγέλθη</em></span> <span class='ocrx_word' id='word_1_7' title='bbox 1476 198 1532 243; x_wconf 80' lang='grc' dir='ltr'><strong>τὰ</strong></span> <span class='ocrx_word' id='word_1_8' title='bbox 1560 198 1681 257; x_wconf 73' lang='grc' dir='ltr'><em>πυρὰ</em></span> <span class='ocrx_word' id='word_1_9' title='bbox 1701 215 1833 255; x_wconf 83' lang='grc' dir='ltr'><em>κατα-</em></span> 
     </span>
    </p>
   </div>
   <div class='ocr_carea' id='block_1_2' title="bbox 1821 0 2046 320">
    <p class='ocr_par' dir='ltr' id='par_1_2' title="bbox 1821 0 2046 320">
     <span class='ocr_line' id='line_1_2' title="bbox 1821 0 2046 320; baseline 0 2952"><span class='ocrx_word' id='word_1_10' title='bbox 1821 0 2046 320; x_wconf 95' lang='lat' dir='ltr'><strong> </strong></span> 
     </span>
    </p>
   </div>
   <div class='ocr_carea' id='block_1_3' title="bbox 351 265 1904 325">
    <p class='ocr_par' dir='ltr' id='par_1_3' title="bbox 351 265 1904 325">
     <span class='ocr_line' id='line_1_3' title="bbox 351 265 1904 325; baseline 0 -13"><span class='ocrx_word' id='word_1_11' title='bbox 351 265 587 322; x_wconf 80' lang='grc' dir='ltr'><em>σβεννύναι</em></span> <span class='ocrx_word' id='word_1_12' title='bbox 616 265 775 311; x_wconf 86' lang='grc' dir='ltr'><em>πάντα.</em></span> <span class='ocrx_word' id='word_1_13' title='bbox 837 272 942 322; x_wconf 88' lang='lat' dir='ltr'><strong>Quin</strong></span> <span class='ocrx_word' id='word_1_14' title='bbox 982 286 1033 313; x_wconf 89' lang='lat' dir='ltr'><strong>ne</strong></span> <span class='ocrx_word' id='word_1_15' title='bbox 1073 275 1122 314; x_wconf 88' lang='lat' dir='ltr'><strong>ab</strong></span> <span class='ocrx_word' id='word_1_16' title='bbox 1152 275 1199 313; x_wconf 88' lang='lat' dir='ltr'><strong>iis</strong></span> <span class='ocrx_word' id='word_1_17' title='bbox 1230 274 1390 325; x_wconf 90' lang='lat' dir='ltr'><strong>quidem</strong></span> <span class='ocrx_word' id='word_1_18' title='bbox 1420 274 1517 314; x_wconf 92' lang='lat' dir='ltr'><strong>locis</strong></span> <span class='ocrx_word' id='word_1_19' title='bbox 1551 273 1739 313; x_wconf 87' lang='lat' dir='ltr'><strong>aoristum</strong></span> <span class='ocrx_word' id='word_1_20' title='bbox 1768 273 1833 312; x_wconf 86' lang='lat' dir='ltr'><strong>ab·</strong></span> <span class='ocrx_word' id='word_1_21' title='bbox 1859 272 1867 278; x_wconf 41' lang='lat'><strong>⁸</strong></span> <span class='ocrx_word' id='word_1_22' title='bbox 1901 293 1904 296; x_wconf 95' lang='lat'>·</span> 
     </span>
    </p>
   </div>
   <div class='ocr_carea' id='block_1_4' title="bbox 351 318 1919 402">
    <p class='ocr_par' dir='ltr' id='par_1_4' title="bbox 351 318 1919 402">
     <span class='ocr_line' id='line_1_4' title="bbox 351 318 1919 402; baseline -0.001 -21"><span class='ocrx_word' id='word_1_23' title='bbox 351 342 515 381; x_wconf 87' lang='lat' dir='ltr'><strong>horrere</strong></span> <span class='ocrx_word' id='word_1_24' title='bbox 544 341 729 393; x_wconf 87' lang='lat' dir='ltr'><strong>vidimus,</strong></span> <span class='ocrx_word' id='word_1_25' title='bbox 780 341 923 402; x_wconf 72' lang='lat' dir='ltr'><strong>quibus</strong></span> <span class='ocrx_word' id='word_1_26' title='bbox 963 354 1150 392; x_wconf 83' lang='lat' dir='ltr'><strong>graecum</strong></span> <span class='ocrx_word' id='word_1_27' title='bbox 1189 341 1622 393; x_wconf 80' lang='lat' dir='ltr'><strong>plusquamperfectum</strong></span> <span class='ocrx_word' id='word_1_28' title='bbox 1656 340 1835 380; x_wconf 82' lang='lat' dir='ltr'>adhiberi</span> <span class='ocrx_word' id='word_1_29' title='bbox 1911 318 1919 363; x_wconf 41' lang='grc' dir='ltr'><em>ἶ</em></span> 
     </span>
    </p>
   </div>
   <div class='ocr_carea' id='block_1_5' title="bbox 355 399 1908 463">
    <p class='ocr_par' dir='ltr' id='par_1_5' title="bbox 355 399 1908 463">
     <span class='ocr_line' id='line_1_5' title="bbox 355 399 1908 463; baseline -0.002 -13"><span class='ocrx_word' id='word_1_30' title='bbox 355 411 458 450; x_wconf 89' lang='lat' dir='ltr'><strong>solet</strong></span> <span class='ocrx_word' id='word_1_31' title='bbox 472 408 586 458; x_wconf 87' lang='lat' dir='ltr'><strong>(Xen.</strong></span> <span class='ocrx_word' id='word_1_32' title='bbox 601 409 729 448; x_wconf 86' lang='lat' dir='ltr'><strong>Anab.</strong></span> <span class='ocrx_word' id='word_1_33' title='bbox 747 413 783 460; x_wconf 84' lang='lat'><strong>1,</strong></span> <span class='ocrx_word' id='word_1_34' title='bbox 805 413 841 460; x_wconf 89' lang='lat'><strong>1,</strong></span> <span class='ocrx_word' id='word_1_35' title='bbox 854 412 878 448; x_wconf 84' lang='lat'><strong>2</strong></span> <span class='ocrx_word' id='word_1_36' title='bbox 896 404 945 461; x_wconf 82' lang='grc' dir='ltr'><strong>ἦς</strong></span> <span class='ocrx_word' id='word_1_37' title='bbox 963 403 1194 463; x_wconf 85' lang='grc' dir='ltr'><em>σατράπην</em></span> <span class='ocrx_word' id='word_1_38' title='bbox 1215 405 1435 461; x_wconf 78' lang='grc' dir='ltr'><em>ἐποίησεν,</em></span> <span class='ocrx_word' id='word_1_39' title='bbox 1458 411 1570 449; x_wconf 77' lang='lat' dir='ltr'><strong>cuius</strong></span> <span class='ocrx_word' id='word_1_40' title='bbox 1578 410 1833 458; x_wconf 77' lang='lat' dir='ltr'><strong>praefectum</strong></span> <span class='ocrx_word' id='word_1_41' title='bbox 1905 399 1908 403; x_wconf 61' lang='grc'>’</span> 
     </span>
    </p>
   </div>
   <div class='ocr_carea' id='block_1_6' title="bbox 345 476 1890 938">
    <p class='ocr_par' dir='ltr' id='par_1_6' title="bbox 345 476 1890 938">
     <span class='ocr_line' id='line_1_6' title="bbox 345 476 1831 533; baseline -0.001 -16"><span class='ocrx_word' id='word_1_42' title='bbox 345 476 533 529; x_wconf 83' lang='lat' dir='ltr'><strong><em>fecerat),</em></strong></span> <span class='ocrx_word' id='word_1_43' title='bbox 553 489 674 528; x_wconf 87' lang='lat' dir='ltr'><strong>quum</strong></span> <span class='ocrx_word' id='word_1_44' title='bbox 694 477 795 516; x_wconf 90' lang='lat' dir='ltr'><strong>actio</strong></span> <span class='ocrx_word' id='word_1_45' title='bbox 816 477 944 533; x_wconf 87' lang='lat' dir='ltr'><strong>solum</strong></span> <span class='ocrx_word' id='word_1_46' title='bbox 975 490 1104 528; x_wconf 89' lang='lat' dir='ltr'><strong>neque</strong></span> <span class='ocrx_word' id='word_1_47' title='bbox 1124 480 1250 517; x_wconf 88' lang='lat' dir='ltr'><strong>status</strong></span> <span class='ocrx_word' id='word_1_48' title='bbox 1281 478 1395 516; x_wconf 89' lang='lat' dir='ltr'><strong>simul</strong></span> <span class='ocrx_word' id='word_1_49' title='bbox 1415 477 1544 517; x_wconf 84' lang='lat' dir='ltr'><strong>forma</strong></span> <span class='ocrx_word' id='word_1_50' title='bbox 1572 477 1831 528; x_wconf 81' lang='lat' dir='ltr'><strong>exprimatur.</strong></span> 
     </span>
     <span class='ocr_line' id='line_1_7' title="bbox 463 543 1832 597; baseline -0.001 -11"><span class='ocrx_word' id='word_1_51' title='bbox 463 543 507 586; x_wconf 87' lang='lat' dir='ltr'><strong>b.</strong></span> <span class='ocrx_word' id='word_1_52' title='bbox 567 545 684 596; x_wconf 91' lang='lat' dir='ltr'><strong>Quod</strong></span> <span class='ocrx_word' id='word_1_53' title='bbox 715 548 846 586; x_wconf 87' lang='lat' dir='ltr'><strong>autem</strong></span> <span class='ocrx_word' id='word_1_54' title='bbox 870 545 1305 597; x_wconf 81' lang='lat' dir='ltr'><strong>plusquamperfectum</strong></span> <span class='ocrx_word' id='word_1_55' title='bbox 1325 546 1461 588; x_wconf 83' lang='lat' dir='ltr'><strong>aoristi</strong></span> <span class='ocrx_word' id='word_1_56' title='bbox 1481 544 1682 586; x_wconf 89' lang='lat' dir='ltr'><strong>interdum</strong></span> <span class='ocrx_word' id='word_1_57' title='bbox 1702 546 1832 586; x_wconf 85' lang='lat' dir='ltr'><strong>locum</strong></span> 
     </span>
     <span class='ocr_line' id='line_1_8' title="bbox 352 614 1836 665; baseline -0.001 -12"><span class='ocrx_word' id='word_1_58' title='bbox 352 614 530 654; x_wconf 89' lang='lat' dir='ltr'><strong>obtinere</strong></span> <span class='ocrx_word' id='word_1_59' title='bbox 560 614 737 665; x_wconf 83' lang='lat' dir='ltr'><strong>videtur,</strong></span> <span class='ocrx_word' id='word_1_60' title='bbox 776 626 856 652; x_wconf 93' lang='lat' dir='ltr'><strong>non</strong></span> <span class='ocrx_word' id='word_1_61' title='bbox 885 616 964 652; x_wconf 88' lang='lat' dir='ltr'><strong>tam</strong></span> <span class='ocrx_word' id='word_1_62' title='bbox 995 627 1043 653; x_wconf 87' lang='lat' dir='ltr'><strong>ex</strong></span> <span class='ocrx_word' id='word_1_63' title='bbox 1074 615 1158 653; x_wconf 90' lang='lat' dir='ltr'><strong>eius</strong></span> <span class='ocrx_word' id='word_1_64' title='bbox 1193 617 1337 653; x_wconf 88' lang='lat' dir='ltr'><strong>natura</strong></span> <span class='ocrx_word' id='word_1_65' title='bbox 1367 626 1484 665; x_wconf 87' lang='lat' dir='ltr'><strong>quam</strong></span> <span class='ocrx_word' id='word_1_66' title='bbox 1521 625 1569 653; x_wconf 86' lang='lat' dir='ltr'><strong>ex</strong></span> <span class='ocrx_word' id='word_1_67' title='bbox 1598 614 1836 653; x_wconf 77' lang='lat' dir='ltr'><strong>narrationis</strong></span> 
     </span>
     <span class='ocr_line' id='line_1_9' title="bbox 353 681 1151 735; baseline 0 -13"><span class='ocrx_word' id='word_1_68' title='bbox 353 694 501 734; x_wconf 84' lang='lat' dir='ltr'><strong>genere</strong></span> <span class='ocrx_word' id='word_1_69' title='bbox 531 681 812 733; x_wconf 79' lang='lat' dir='ltr'><strong>explicandum</strong></span> <span class='ocrx_word' id='word_1_70' title='bbox 843 684 914 721; x_wconf 90' lang='lat' dir='ltr'><strong>est.</strong></span> <span class='ocrx_word' id='word_1_71' title='bbox 972 683 1018 721; x_wconf 90' lang='lat' dir='ltr'><strong>Il.</strong></span> <span class='ocrx_word' id='word_1_72' title='bbox 1040 684 1078 735; x_wconf 87' lang='lat'><strong>5,</strong></span> <span class='ocrx_word' id='word_1_73' title='bbox 1100 685 1151 722; x_wconf 88' lang='lat'><strong>65</strong></span> 
     </span>
     <span class='ocr_line' id='line_1_10' title="bbox 513 739 1668 803; baseline 0 -16"><span class='ocrx_word' id='word_1_74' title='bbox 513 742 595 787; x_wconf 84' lang='grc' dir='ltr'><strong>τὸν</strong></span> <span class='ocrx_word' id='word_1_75' title='bbox 625 745 707 800; x_wconf 83' lang='grc' dir='ltr'><strong>μὲν</strong></span> <span class='ocrx_word' id='word_1_76' title='bbox 736 742 963 802; x_wconf 83' lang='grc' dir='ltr'><em>Μηριόνης</em></span> <span class='ocrx_word' id='word_1_77' title='bbox 993 739 1068 787; x_wconf 80' lang='grc' dir='ltr'><em>ὅτε</em></span> <span class='ocrx_word' id='word_1_78' title='bbox 1099 743 1152 802; x_wconf 81' lang='grc' dir='ltr'><strong>δὴ</strong></span> <span class='ocrx_word' id='word_1_79' title='bbox 1181 747 1458 803; x_wconf 80' lang='grc' dir='ltr'><strong><em>κατέμαρπτε</em></strong></span> <span class='ocrx_word' id='word_1_80' title='bbox 1490 743 1668 788; x_wconf 80' lang='grc' dir='ltr'><em>διώκων</em></span> 
     </span>
     <span class='ocr_line' id='line_1_11' title="bbox 512 808 1278 870; baseline 0.001 -15"><span class='ocrx_word' id='word_1_81' title='bbox 512 808 716 870; x_wconf 81' lang='grc' dir='ltr'><em>βεβλήκει</em></span> <span class='ocrx_word' id='word_1_82' title='bbox 750 810 943 869; x_wconf 81' lang='grc' dir='ltr'><em>γλουτὸν</em></span> <span class='ocrx_word' id='word_1_83' title='bbox 973 810 1086 855; x_wconf 85' lang='grc' dir='ltr'><em>κατὰ</em></span> <span class='ocrx_word' id='word_1_84' title='bbox 1117 811 1278 867; x_wconf 78' lang='grc' dir='ltr'><em>δεξιόν,</em></span> 
     </span>
     <span class='ocr_line' id='line_1_12' title="bbox 351 882 1890 938; baseline -0.001 -12"><span class='ocrx_word' id='word_1_85' title='bbox 351 882 443 938; x_wconf 81' lang='lat' dir='ltr'><strong>(,als</strong></span> <span class='ocrx_word' id='word_1_86' title='bbox 472 896 517 926; x_wconf 83' lang='lat' dir='ltr'><strong>er</strong></span> <span class='ocrx_word' id='word_1_87' title='bbox 546 885 615 925; x_wconf 77' lang='lat' dir='ltr'><strong>ilm</strong></span> <span class='ocrx_word' id='word_1_88' title='bbox 645 886 791 933; x_wconf 69' lang='lat' dir='ltr'><strong>creme,</strong></span> <span class='ocrx_word' id='word_1_89' title='bbox 830 885 939 925; x_wconf 78' lang='lat' dir='ltr'><strong>hatte</strong></span> <span class='ocrx_word' id='word_1_90' title='bbox 968 896 1013 925; x_wconf 84' lang='lat' dir='ltr'><strong>er</strong></span> <span class='ocrx_word' id='word_1_91' title='bbox 1043 885 1112 924; x_wconf 76' lang='lat' dir='ltr'><strong>ilm</strong></span> <span class='ocrx_word' id='word_1_92' title='bbox 1146 886 1251 926; x_wconf 77' lang='lat' dir='ltr'><strong>auch</strong></span> <span class='ocrx_word' id='word_1_93' title='bbox 1279 886 1403 926; x_wconf 77' lang='lat' dir='ltr'><strong>sehon</strong></span> <span class='ocrx_word' id='word_1_94' title='bbox 1431 886 1638 936; x_wconf 73' lang='lat' dir='ltr'><strong>yetroffen,</strong></span> <span class='ocrx_word' id='word_1_95' title='bbox 1675 895 1762 924; x_wconf 79' lang='lat' dir='ltr'><strong>war</strong></span> <span class='ocrx_word' id='word_1_96' title='bbox 1792 895 1837 929; x_wconf 78' lang='lat' dir='ltr'><strong>er</strong></span> <span class='ocrx_word' id='word_1_97' title='bbox 1886 888 1890 894; x_wconf 82' lang='grc'><em>’</em></span> 
     </span>
    </p>
   </div>
   <div class='ocr_carea' id='block_1_7' title="bbox 281 949 1109 1013">
    <p class='ocr_par' dir='ltr' id='par_1_7' title="bbox 281 949 1109 1013">
     <span class='ocr_line' id='line_1_13' title="bbox 281 949 1109 1013; baseline 0.002 -21"><span class='ocrx_word' id='word_1_98' title='bbox 281 999 285 1002; x_wconf 39' lang='grc'>,</span> <span class='ocrx_word' id='word_1_99' title='bbox 352 954 475 993; x_wconf 76' lang='lat' dir='ltr'><strong>sehon</strong></span> <span class='ocrx_word' id='word_1_100' title='bbox 502 953 712 1003; x_wconf 71' lang='lat' dir='ltr'><strong>yetroffen‘</strong></span> <span class='ocrx_word' id='word_1_101' title='bbox 739 949 939 1006; x_wconf 86' lang='lat' dir='ltr'><strong>Kuehn.);</strong></span> <span class='ocrx_word' id='word_1_102' title='bbox 956 956 1007 1013; x_wconf 58' lang='grc' dir='ltr'><strong>ο5,</strong></span> <span class='ocrx_word' id='word_1_103' title='bbox 1030 957 1109 994; x_wconf 88' lang='lat'><strong>696</strong></span> 
     </span>
    </p>
   </div>
   <div class='ocr_carea' id='block_1_8' title="bbox 351 1010 1838 1414">
    <p class='ocr_par' dir='ltr' id='par_1_8' title="bbox 351 1010 1838 1414">
     <span class='ocr_line' id='line_1_14' title="bbox 437 1010 1722 1075; baseline -0.001 -15"><span class='ocrx_word' id='word_1_104' title='bbox 437 1015 520 1060; x_wconf 85' lang='grc' dir='ltr'><strong>τὸν</strong></span> <span class='ocrx_word' id='word_1_105' title='bbox 551 1010 591 1060; x_wconf 71' lang='grc' dir='ltr'><strong>δ’</strong></span> <span class='ocrx_word' id='word_1_106' title='bbox 611 1016 734 1060; x_wconf 79' lang='grc' dir='ltr'><em>ἔλιπε</em></span> <span class='ocrx_word' id='word_1_107' title='bbox 765 1015 899 1075; x_wconf 86' lang='grc' dir='ltr'><strong><em>ψυχή,</em></strong></span> <span class='ocrx_word' id='word_1_108' title='bbox 931 1015 1044 1061; x_wconf 86' lang='grc' dir='ltr'><em>κατὰ</em></span> <span class='ocrx_word' id='word_1_109' title='bbox 1074 1012 1113 1061; x_wconf 73' lang='grc' dir='ltr'><strong>δ’</strong></span> <span class='ocrx_word' id='word_1_110' title='bbox 1134 1011 1384 1074; x_wconf 78' lang='grc' dir='ltr'><em>ὀφθαλμῶν</em></span> <span class='ocrx_word' id='word_1_111' title='bbox 1414 1010 1558 1074; x_wconf 83' lang='grc' dir='ltr'><em>κε’χυτ</em></span> <span class='ocrx_word' id='word_1_112' title='bbox 1579 1010 1722 1073; x_wconf 76' lang='grc' dir='ltr'><em>ἀχλύς.</em></span> 
     </span>
     <span class='ocr_line' id='line_1_15' title="bbox 351 1090 1836 1142; baseline -0.001 -12"><span class='ocrx_word' id='word_1_113' title='bbox 351 1090 505 1139; x_wconf 80' lang='lat' dir='ltr'><strong>Quibus</strong></span> <span class='ocrx_word' id='word_1_114' title='bbox 544 1091 641 1130; x_wconf 86' lang='lat' dir='ltr'><strong>locis</strong></span> <span class='ocrx_word' id='word_1_115' title='bbox 682 1104 761 1130; x_wconf 91' lang='lat' dir='ltr'><strong>non</strong></span> <span class='ocrx_word' id='word_1_116' title='bbox 800 1091 888 1142; x_wconf 88' lang='lat' dir='ltr'><strong>ipsa</strong></span> <span class='ocrx_word' id='word_1_117' title='bbox 926 1091 1088 1141; x_wconf 89' lang='lat' dir='ltr'><strong>ponitur</strong></span> <span class='ocrx_word' id='word_1_118' title='bbox 1127 1092 1230 1130; x_wconf 84' lang='lat' dir='ltr'><strong>aetio</strong></span> <span class='ocrx_word' id='word_1_119' title='bbox 1271 1090 1341 1130; x_wconf 91' lang='lat' dir='ltr'><strong>sed</strong></span> <span class='ocrx_word' id='word_1_120' title='bbox 1370 1091 1618 1141; x_wconf 82' lang='lat' dir='ltr'><strong>praecipitur</strong></span> <span class='ocrx_word' id='word_1_121' title='bbox 1652 1091 1720 1140; x_wconf 88' lang='lat' dir='ltr'><strong>qui</strong></span> <span class='ocrx_word' id='word_1_122' title='bbox 1750 1102 1836 1129; x_wconf 88' lang='lat' dir='ltr'><strong>eam</strong></span> 
     </span>
     <span class='ocr_line' id='line_1_16' title="bbox 351 1158 1838 1209; baseline -0.001 -11"><span class='ocrx_word' id='word_1_123' title='bbox 351 1159 533 1209; x_wconf 86' lang='lat' dir='ltr'><strong>sequitur</strong></span> <span class='ocrx_word' id='word_1_124' title='bbox 563 1162 700 1199; x_wconf 90' lang='lat' dir='ltr'><strong>status.</strong></span> <span class='ocrx_word' id='word_1_125' title='bbox 759 1159 901 1209; x_wconf 89' lang='lat' dir='ltr'><strong>Neque</strong></span> <span class='ocrx_word' id='word_1_126' title='bbox 932 1160 996 1198; x_wconf 87' lang='lat' dir='ltr'><strong>hic</strong></span> <span class='ocrx_word' id='word_1_127' title='bbox 1026 1158 1406 1209; x_wconf 87' lang='lat' dir='ltr'><strong>plusquamperfeeti</strong></span> <span class='ocrx_word' id='word_1_128' title='bbox 1436 1170 1530 1198; x_wconf 90' lang='lat' dir='ltr'><strong>usus</strong></span> <span class='ocrx_word' id='word_1_129' title='bbox 1559 1158 1607 1196; x_wconf 86' lang='lat' dir='ltr'><strong>ab</strong></span> <span class='ocrx_word' id='word_1_130' title='bbox 1629 1170 1675 1197; x_wconf 89' lang='lat' dir='ltr'><strong>eo</strong></span> <span class='ocrx_word' id='word_1_131' title='bbox 1696 1158 1838 1209; x_wconf 87' lang='lat' dir='ltr'><strong>differt,</strong></span> 
     </span>
     <span class='ocr_line' id='line_1_17' title="bbox 352 1217 1836 1278; baseline -0.003 -12"><span class='ocrx_word' id='word_1_132' title='bbox 352 1227 421 1278; x_wconf 92' lang='lat' dir='ltr'><strong>qui</strong></span> <span class='ocrx_word' id='word_1_133' title='bbox 450 1226 618 1277; x_wconf 89' lang='lat' dir='ltr'><strong>perfecti</strong></span> <span class='ocrx_word' id='word_1_134' title='bbox 648 1229 708 1266; x_wconf 92' lang='lat' dir='ltr'><strong>est</strong></span> <span class='ocrx_word' id='word_1_135' title='bbox 736 1227 776 1265; x_wconf 93' lang='lat' dir='ltr'><strong>in</strong></span> <span class='ocrx_word' id='word_1_136' title='bbox 798 1227 917 1278; x_wconf 85' lang='lat' dir='ltr'><strong>Soph.</strong></span> <span class='ocrx_word' id='word_1_137' title='bbox 938 1227 1037 1265; x_wconf 90' lang='lat' dir='ltr'><strong>Phil.</strong></span> <span class='ocrx_word' id='word_1_138' title='bbox 1061 1228 1113 1266; x_wconf 86' lang='lat'><strong>75</strong></span> <span class='ocrx_word' id='word_1_139' title='bbox 1146 1221 1185 1264; x_wconf 80' lang='grc' dir='ltr'><em>εἴ</em></span> <span class='ocrx_word' id='word_1_140' title='bbox 1202 1238 1254 1277; x_wconf 87' lang='grc' dir='ltr'><em>με</em></span> <span class='ocrx_word' id='word_1_141' title='bbox 1275 1218 1423 1275; x_wconf 75' lang='grc' dir='ltr'><em>τόξων</em></span> <span class='ocrx_word' id='word_1_142' title='bbox 1443 1218 1654 1277; x_wconf 75' lang='grc' dir='ltr'><em>ἐγκρατὴς</em></span> <span class='ocrx_word' id='word_1_143' title='bbox 1685 1217 1836 1278; x_wconf 81' lang='grc' dir='ltr'><em>αἰσθή-</em></span> 
     </span>
     <span class='ocr_line' id='line_1_18' title="bbox 353 1285 1837 1345; baseline -0.001 -12"><span class='ocrx_word' id='word_1_144' title='bbox 353 1302 494 1343; x_wconf 85' lang='grc' dir='ltr'><em>σεται,</em></span> <span class='ocrx_word' id='word_1_145' title='bbox 535 1285 686 1333; x_wconf 82' lang='grc' dir='ltr'><em>ὄλωλα</em></span> <span class='ocrx_word' id='word_1_146' title='bbox 715 1295 780 1334; x_wconf 88' lang='lat' dir='ltr'><strong>vel</strong></span> <span class='ocrx_word' id='word_1_147' title='bbox 809 1294 859 1333; x_wconf 90' lang='lat' dir='ltr'><strong>ab</strong></span> <span class='ocrx_word' id='word_1_148' title='bbox 889 1306 935 1333; x_wconf 94' lang='lat' dir='ltr'><strong>eo</strong></span> <span class='ocrx_word' id='word_1_149' title='bbox 966 1294 1035 1345; x_wconf 91' lang='lat' dir='ltr'><strong>qui</strong></span> <span class='ocrx_word' id='word_1_150' title='bbox 1075 1293 1199 1333; x_wconf 83' lang='lat' dir='ltr'><strong>futuri</strong></span> <span class='ocrx_word' id='word_1_151' title='bbox 1241 1295 1367 1333; x_wconf 78' lang='lat' dir='ltr'><strong>exacti</strong></span> <span class='ocrx_word' id='word_1_152' title='bbox 1399 1297 1458 1333; x_wconf 88' lang='lat' dir='ltr'><strong>est</strong></span> <span class='ocrx_word' id='word_1_153' title='bbox 1496 1293 1604 1344; x_wconf 86' lang='lat' dir='ltr'><strong>apud</strong></span> <span class='ocrx_word' id='word_1_154' title='bbox 1634 1293 1837 1345; x_wconf 90' lang='lat' dir='ltr'><strong>Aristoph.</strong></span> 
     </span>
     <span class='ocr_line' id='line_1_19' title="bbox 351 1354 1164 1414; baseline -0.002 -12"><span class='ocrx_word' id='word_1_155' title='bbox 351 1364 448 1402; x_wconf 89' lang='lat' dir='ltr'><strong>Ran.</strong></span> <span class='ocrx_word' id='word_1_156' title='bbox 472 1365 578 1403; x_wconf 83' lang='lat'>1027</span> <span class='ocrx_word' id='word_1_157' title='bbox 610 1354 747 1413; x_wconf 78' lang='grc' dir='ltr'><em>φράζε</em></span> <span class='ocrx_word' id='word_1_158' title='bbox 779 1359 851 1400; x_wconf 82' lang='grc' dir='ltr'><strong>καὶ</strong></span> <span class='ocrx_word' id='word_1_159' title='bbox 882 1355 1164 1414; x_wconf 74' lang='grc' dir='ltr'><em>πεπράξεται.</em></span> 
     </span>
    </p>
   </div>
   <div class='ocr_carea' id='block_1_9' title="bbox 898 1445 1289 1582">
    <p class='ocr_par' dir='ltr' id='par_1_9' title="bbox 898 1445 1289 1582">
     <span class='ocr_line' id='line_1_20' title="bbox 1035 1445 1156 1508; baseline 0 -6"><span class='ocrx_word' id='word_1_160' title='bbox 1035 1445 1068 1508; x_wconf 68' lang='grc' dir='ltr'><strong>ς</strong></span> <span class='ocrx_word' id='word_1_161' title='bbox 1092 1465 1156 1502; x_wconf 88' lang='lat'><strong>13.</strong></span> 
     </span>
     <span class='ocr_line' id='line_1_21' title="bbox 898 1537 1289 1582; baseline 0 0"><span class='ocrx_word' id='word_1_162' title='bbox 898 1538 967 1582; x_wconf 86' lang='lat' dir='ltr'><strong>De</strong></span> <span class='ocrx_word' id='word_1_163' title='bbox 998 1549 1087 1582; x_wconf 90' lang='lat' dir='ltr'><strong>usu</strong></span> <span class='ocrx_word' id='word_1_164' title='bbox 1118 1537 1289 1582; x_wconf 86' lang='lat' dir='ltr'><strong>futuri.</strong></span> 
     </span>
    </p>
   </div>
   <div class='ocr_carea' id='block_1_10' title="bbox 348 1633 1841 2638">
    <p class='ocr_par' dir='ltr' id='par_1_10' title="bbox 348 1633 1841 2299">
     <span class='ocr_line' id='line_1_22' title="bbox 466 1633 1836 1684; baseline -0.001 -12"><span class='ocrx_word' id='word_1_165' title='bbox 466 1642 508 1672; x_wconf 81' lang='lat' dir='ltr'><strong>a.</strong></span> <span class='ocrx_word' id='word_1_166' title='bbox 566 1634 664 1672; x_wconf 88' lang='lat' dir='ltr'><strong>Tria</strong></span> <span class='ocrx_word' id='word_1_167' title='bbox 695 1633 971 1684; x_wconf 86' lang='lat' dir='ltr'><strong>distinguimus</strong></span> <span class='ocrx_word' id='word_1_168' title='bbox 1003 1633 1227 1672; x_wconf 85' lang='lat' dir='ltr'><strong>futurorum</strong></span> <span class='ocrx_word' id='word_1_169' title='bbox 1247 1646 1406 1684; x_wconf 87' lang='lat' dir='ltr'><strong>genera.</strong></span> <span class='ocrx_word' id='word_1_170' title='bbox 1464 1634 1605 1673; x_wconf 85' lang='lat' dir='ltr'><strong>Futuri</strong></span> <span class='ocrx_word' id='word_1_171' title='bbox 1626 1634 1729 1672; x_wconf 90' lang='lat' dir='ltr'><strong>enim</strong></span> <span class='ocrx_word' id='word_1_172' title='bbox 1751 1645 1836 1672; x_wconf 90' lang='lat' dir='ltr'><strong>eam</strong></span> 
     </span>
     <span class='ocr_line' id='line_1_23' title="bbox 348 1701 1839 1755; baseline -0.001 -13"><span class='ocrx_word' id='word_1_173' title='bbox 348 1702 543 1755; x_wconf 86' lang='lat' dir='ltr'><strong>principio</strong></span> <span class='ocrx_word' id='word_1_174' title='bbox 575 1701 774 1742; x_wconf 90' lang='lat' dir='ltr'><strong>notionem</strong></span> <span class='ocrx_word' id='word_1_175' title='bbox 795 1701 917 1741; x_wconf 88' lang='lat' dir='ltr'><strong>fuisse</strong></span> <span class='ocrx_word' id='word_1_176' title='bbox 951 1701 1130 1754; x_wconf 84' lang='lat' dir='ltr'><strong>vidimus,</strong></span> <span class='ocrx_word' id='word_1_177' title='bbox 1159 1704 1203 1741; x_wconf 91' lang='lat' dir='ltr'><strong>ut</strong></span> <span class='ocrx_word' id='word_1_178' title='bbox 1233 1701 1475 1753; x_wconf 86' lang='lat' dir='ltr'><strong>significaret</strong></span> <span class='ocrx_word' id='word_1_179' title='bbox 1505 1704 1660 1753; x_wconf 88' lang='lat' dir='ltr'><strong>statum,</strong></span> <span class='ocrx_word' id='word_1_180' title='bbox 1690 1702 1758 1752; x_wconf 89' lang='lat' dir='ltr'><strong>qui</strong></span> <span class='ocrx_word' id='word_1_181' title='bbox 1789 1701 1839 1741; x_wconf 87' lang='lat' dir='ltr'><strong>ad</strong></span> 
     </span>
     <span class='ocr_line' id='line_1_24' title="bbox 349 1769 1838 1821; baseline -0.001 -11"><span class='ocrx_word' id='word_1_182' title='bbox 349 1771 544 1810; x_wconf 80' lang='lat' dir='ltr'><strong>actionem</strong></span> <span class='ocrx_word' id='word_1_183' title='bbox 586 1770 760 1821; x_wconf 85' lang='lat' dir='ltr'><strong>aliquam</strong></span> <span class='ocrx_word' id='word_1_184' title='bbox 803 1770 1031 1809; x_wconf 87' lang='lat' dir='ltr'><strong>adduceret.</strong></span> <span class='ocrx_word' id='word_1_185' title='bbox 1091 1769 1168 1818; x_wconf 91' lang='lat' dir='ltr'><strong>Qui</strong></span> <span class='ocrx_word' id='word_1_186' title='bbox 1211 1773 1337 1808; x_wconf 85' lang='lat' dir='ltr'><strong>status</strong></span> <span class='ocrx_word' id='word_1_187' title='bbox 1380 1771 1411 1809; x_wconf 90' lang='lat' dir='ltr'><strong>si</strong></span> <span class='ocrx_word' id='word_1_188' title='bbox 1452 1771 1492 1809; x_wconf 91' lang='lat' dir='ltr'><strong>in</strong></span> <span class='ocrx_word' id='word_1_189' title='bbox 1535 1770 1704 1809; x_wconf 84' lang='lat' dir='ltr'><strong>durante</strong></span> <span class='ocrx_word' id='word_1_190' title='bbox 1748 1782 1838 1809; x_wconf 85' lang='lat' dir='ltr'><strong>con-</strong></span> 
     </span>
     <span class='ocr_line' id='line_1_25' title="bbox 349 1837 1841 1890; baseline -0.001 -13"><span class='ocrx_word' id='word_1_191' title='bbox 349 1839 481 1878; x_wconf 84' lang='lat' dir='ltr'><strong>stabat</strong></span> <span class='ocrx_word' id='word_1_192' title='bbox 511 1838 685 1889; x_wconf 89' lang='lat' dir='ltr'><strong>actione,</strong></span> <span class='ocrx_word' id='word_1_193' title='bbox 726 1838 838 1876; x_wconf 88' lang='lat' dir='ltr'><strong>cuius</strong></span> <span class='ocrx_word' id='word_1_194' title='bbox 870 1838 1034 1876; x_wconf 85' lang='lat' dir='ltr'><strong>effectus</strong></span> <span class='ocrx_word' id='word_1_195' title='bbox 1065 1837 1313 1876; x_wconf 85' lang='lat' dir='ltr'><strong>indicabatur</strong></span> <span class='ocrx_word' id='word_1_196' title='bbox 1344 1839 1510 1888; x_wconf 87' lang='lat' dir='ltr'><strong>aoristo,</strong></span> <span class='ocrx_word' id='word_1_197' title='bbox 1546 1837 1660 1876; x_wconf 89' lang='lat' dir='ltr'><strong>reddi</strong></span> <span class='ocrx_word' id='word_1_198' title='bbox 1691 1837 1841 1890; x_wconf 71' lang='lat' dir='ltr'><strong>splebat</strong></span> 
     </span>
     <span class='ocr_line' id='line_1_26' title="bbox 350 1900 1841 1958; baseline -0.001 -12"><span class='ocrx_word' id='word_1_199' title='bbox 350 1908 563 1958; x_wconf 87' lang='lat' dir='ltr'><strong>praesente</strong></span> <span class='ocrx_word' id='word_1_200' title='bbox 595 1900 636 1958; x_wconf 69' lang='grc' dir='ltr'><strong>(ξ</strong></span> <span class='ocrx_word' id='word_1_201' title='bbox 659 1907 683 1945; x_wconf 87' lang='grc'><strong>3</strong></span> <span class='ocrx_word' id='word_1_202' title='bbox 706 1900 765 1957; x_wconf 86' lang='lat' dir='ltr'><strong>o),</strong></span> <span class='ocrx_word' id='word_1_203' title='bbox 805 1906 912 1956; x_wconf 90' lang='lat' dir='ltr'><strong>quod</strong></span> <span class='ocrx_word' id='word_1_204' title='bbox 943 1918 1022 1945; x_wconf 93' lang='lat' dir='ltr'><strong>non</strong></span> <span class='ocrx_word' id='word_1_205' title='bbox 1054 1906 1183 1944; x_wconf 91' lang='lat' dir='ltr'><strong>minus</strong></span> <span class='ocrx_word' id='word_1_206' title='bbox 1214 1918 1331 1955; x_wconf 87' lang='lat' dir='ltr'><strong>quam</strong></span> <span class='ocrx_word' id='word_1_207' title='bbox 1361 1905 1538 1945; x_wconf 85' lang='lat' dir='ltr'><strong>futurum</strong></span> <span class='ocrx_word' id='word_1_208' title='bbox 1569 1904 1689 1945; x_wconf 88' lang='lat' dir='ltr'><strong>eundi</strong></span> <span class='ocrx_word' id='word_1_209' title='bbox 1720 1917 1841 1956; x_wconf 86' lang='lat' dir='ltr'><strong>saepe</strong></span> 
     </span>
     <span class='ocr_line' id='line_1_27' title="bbox 348 1969 1837 2026; baseline -0.001 -12"><span class='ocrx_word' id='word_1_210' title='bbox 348 1975 548 2021; x_wconf 81' lang='lat' dir='ltr'><strong>notionem</strong></span> <span class='ocrx_word' id='word_1_211' title='bbox 580 1969 630 2025; x_wconf 62' lang='lat' dir='ltr'><strong>(ll</strong></span> <span class='ocrx_word' id='word_1_212' title='bbox 632 1969 663 2026; x_wconf 91' lang='lat' dir='ltr'><strong>i)</strong></span> <span class='ocrx_word' id='word_1_213' title='bbox 696 1974 899 2013; x_wconf 85' lang='lat' dir='ltr'><strong>continere</strong></span> <span class='ocrx_word' id='word_1_214' title='bbox 929 1974 1188 2025; x_wconf 83' lang='lat' dir='ltr'><strong>intelligimus</strong></span> <span class='ocrx_word' id='word_1_215' title='bbox 1210 1969 1265 2025; x_wconf 84' lang='lat' dir='ltr'><strong>(V.</strong></span> <span class='ocrx_word' id='word_1_216' title='bbox 1282 1974 1470 2026; x_wconf 83' lang='lat' dir='ltr'><strong>Curtium,</strong></span> <span class='ocrx_word' id='word_1_217' title='bbox 1495 1974 1676 2023; x_wconf 74' lang='lat' dir='ltr'><strong>Schulqr.</strong></span> <span class='ocrx_word' id='word_1_218' title='bbox 1691 1975 1714 2018; x_wconf 83' lang='lat'>§</span> <span class='ocrx_word' id='word_1_219' title='bbox 1733 1975 1837 2024; x_wconf 79' lang='lat'>2503</span> 
     </span>
     <span class='ocr_line' id='line_1_28' title="bbox 351 2037 1838 2095; baseline 0 -13"><span class='ocrx_word' id='word_1_220' title='bbox 351 2044 438 2083; x_wconf 86' lang='lat' dir='ltr'><strong>Erl.</strong></span> <span class='ocrx_word' id='word_1_221' title='bbox 461 2043 512 2082; x_wconf 89' lang='lat' dir='ltr'><strong>ad</strong></span> <span class='ocrx_word' id='word_1_222' title='bbox 543 2044 567 2087; x_wconf 63' lang='grc' dir='ltr'><strong>δ</strong></span> <span class='ocrx_word' id='word_1_223' title='bbox 589 2037 701 2093; x_wconf 83' lang='grc'>250).</span> <span class='ocrx_word' id='word_1_224' title='bbox 761 2041 895 2081; x_wconf 84' lang='lat' dir='ltr'><strong>Status</strong></span> <span class='ocrx_word' id='word_1_225' title='bbox 926 2055 1022 2082; x_wconf 87' lang='lat' dir='ltr'><strong>vero</strong></span> <span class='ocrx_word' id='word_1_226' title='bbox 1053 2043 1141 2093; x_wconf 88' lang='lat' dir='ltr'><strong>ipsa</strong></span> <span class='ocrx_word' id='word_1_227' title='bbox 1170 2043 1325 2081; x_wconf 87' lang='lat' dir='ltr'><strong>actione</strong></span> <span class='ocrx_word' id='word_1_228' title='bbox 1355 2043 1527 2095; x_wconf 85' lang='lat' dir='ltr'><strong>solutus,</strong></span> <span class='ocrx_word' id='word_1_229' title='bbox 1557 2043 1590 2082; x_wconf 87' lang='lat' dir='ltr'><strong>si</strong></span> <span class='ocrx_word' id='word_1_230' title='bbox 1619 2043 1712 2082; x_wconf 85' lang='lat' dir='ltr'><strong>talis</strong></span> <span class='ocrx_word' id='word_1_231' title='bbox 1743 2045 1838 2094; x_wconf 88' lang='lat' dir='ltr'><strong>erat,</strong></span> 
     </span>
     <span class='ocr_line' id='line_1_29' title="bbox 349 2110 1839 2162; baseline -0.001 -11"><span class='ocrx_word' id='word_1_232' title='bbox 349 2115 393 2151; x_wconf 92' lang='lat' dir='ltr'><strong>ut</strong></span> <span class='ocrx_word' id='word_1_233' title='bbox 422 2112 473 2151; x_wconf 89' lang='lat' dir='ltr'><strong>ad</strong></span> <span class='ocrx_word' id='word_1_234' title='bbox 503 2111 610 2150; x_wconf 89' lang='lat' dir='ltr'><strong>illam</strong></span> <span class='ocrx_word' id='word_1_235' title='bbox 644 2111 884 2150; x_wconf 88' lang='lat' dir='ltr'><strong>contendere</strong></span> <span class='ocrx_word' id='word_1_236' title='bbox 915 2110 1131 2161; x_wconf 82' lang='lat' dir='ltr'><strong>videretur,</strong></span> <span class='ocrx_word' id='word_1_237' title='bbox 1162 2110 1281 2149; x_wconf 87' lang='lat' dir='ltr'><strong>futuri</strong></span> <span class='ocrx_word' id='word_1_238' title='bbox 1313 2110 1477 2149; x_wconf 88' lang='lat' dir='ltr'><strong>formam</strong></span> <span class='ocrx_word' id='word_1_239' title='bbox 1508 2112 1667 2162; x_wconf 87' lang='lat' dir='ltr'><strong>recepit.</strong></span> <span class='ocrx_word' id='word_1_240' title='bbox 1728 2111 1839 2159; x_wconf 83' lang='lat' dir='ltr'><strong>Quae</strong></span> 
     </span>
     <span class='ocr_line' id='line_1_30' title="bbox 349 2179 1841 2230; baseline -0.001 -11"><span class='ocrx_word' id='word_1_241' title='bbox 349 2182 508 2219; x_wconf 88' lang='lat' dir='ltr'><strong>vetusta</strong></span> <span class='ocrx_word' id='word_1_242' title='bbox 551 2179 675 2218; x_wconf 85' lang='lat' dir='ltr'><strong>futuri</strong></span> <span class='ocrx_word' id='word_1_243' title='bbox 714 2182 893 2229; x_wconf 86' lang='lat' dir='ltr'><strong>potestas</strong></span> <span class='ocrx_word' id='word_1_244' title='bbox 932 2179 979 2218; x_wconf 86' lang='lat' dir='ltr'><strong>iis</strong></span> <span class='ocrx_word' id='word_1_245' title='bbox 1020 2182 1177 2218; x_wconf 87' lang='lat' dir='ltr'><strong>servata</strong></span> <span class='ocrx_word' id='word_1_246' title='bbox 1214 2182 1274 2219; x_wconf 79' lang='lat' dir='ltr'><strong>est</strong></span> <span class='ocrx_word' id='word_1_247' title='bbox 1304 2179 1416 2230; x_wconf 85' lang='lat' dir='ltr'><strong>locis,</strong></span> <span class='ocrx_word' id='word_1_248' title='bbox 1458 2179 1604 2229; x_wconf 91' lang='lat' dir='ltr'><strong>quibus</strong></span> <span class='ocrx_word' id='word_1_249' title='bbox 1648 2192 1727 2219; x_wconf 91' lang='lat' dir='ltr'><strong>non</strong></span> <span class='ocrx_word' id='word_1_250' title='bbox 1769 2191 1841 2228; x_wconf 91' lang='lat' dir='ltr'><strong>per</strong></span> 
     </span>
     <span class='ocr_line' id='line_1_31' title="bbox 350 2241 1841 2299; baseline 0 -14"><span class='ocrx_word' id='word_1_251' title='bbox 350 2249 521 2294; x_wconf 81' lang='lat' dir='ltr'><strong>werden,</strong></span> <span class='ocrx_word' id='word_1_252' title='bbox 552 2246 622 2285; x_wconf 93' lang='lat' dir='ltr'><strong>sed</strong></span> <span class='ocrx_word' id='word_1_253' title='bbox 651 2258 725 2297; x_wconf 91' lang='lat' dir='ltr'><strong>per</strong></span> <span class='ocrx_word' id='word_1_254' title='bbox 744 2248 882 2286; x_wconf 77' lang='lat' dir='ltr'><strong>mollen</strong></span> <span class='ocrx_word' id='word_1_255' title='bbox 910 2246 1086 2286; x_wconf 92' lang='lat' dir='ltr'><strong>futurum</strong></span> <span class='ocrx_word' id='word_1_256' title='bbox 1107 2247 1276 2285; x_wconf 86' lang='lat' dir='ltr'><strong>vertitur</strong></span> <span class='ocrx_word' id='word_1_257' title='bbox 1297 2241 1339 2298; x_wconf 59' lang='grc' dir='ltr'><strong>(ὃ</strong></span> <span class='ocrx_word' id='word_1_258' title='bbox 1354 2250 1373 2285; x_wconf 93' lang='grc'>1</span> <span class='ocrx_word' id='word_1_259' title='bbox 1390 2241 1441 2299; x_wconf 86' lang='lat' dir='ltr'><strong>e),</strong></span> <span class='ocrx_word' id='word_1_260' title='bbox 1473 2250 1515 2285; x_wconf 91' lang='lat' dir='ltr'><strong>ut</strong></span> <span class='ocrx_word' id='word_1_261' title='bbox 1534 2247 1654 2297; x_wconf 80' lang='lat' dir='ltr'><strong>Soph.</strong></span> <span class='ocrx_word' id='word_1_262' title='bbox 1670 2246 1715 2286; x_wconf 92' lang='grc' dir='ltr'><strong>Ο.</strong></span> <span class='ocrx_word' id='word_1_263' title='bbox 1728 2247 1773 2285; x_wconf 91' lang='grc' dir='ltr'><strong>Τ.</strong></span> <span class='ocrx_word' id='word_1_264' title='bbox 1789 2246 1841 2285; x_wconf 89' lang='lat'><strong>54</strong></span> 
     </span>
    </p>

    <p class='ocr_par' dir='ltr' id='par_1_11' title="bbox 352 2303 1630 2638">
     <span class='ocr_line' id='line_1_32' title="bbox 513 2303 1630 2365; baseline 0.001 -13"><span class='ocrx_word' id='word_1_265' title='bbox 513 2306 573 2361; x_wconf 80' lang='grc' dir='ltr'><strong>ὡς</strong></span> <span class='ocrx_word' id='word_1_266' title='bbox 605 2309 727 2365; x_wconf 80' lang='grc' dir='ltr'><em>εἰπερ</em></span> <span class='ocrx_word' id='word_1_267' title='bbox 759 2305 959 2365; x_wconf 73' lang='grc' dir='ltr'><em>ἄρξεις</em></span> <span class='ocrx_word' id='word_1_268' title='bbox 989 2310 1115 2365; x_wconf 79' lang='grc' dir='ltr'><em>τῆςδε</em></span> <span class='ocrx_word' id='word_1_269' title='bbox 1148 2311 1236 2364; x_wconf 79' lang='grc' dir='ltr'><em>γῆς,</em></span> <span class='ocrx_word' id='word_1_270' title='bbox 1268 2303 1411 2364; x_wconf 78' lang='grc' dir='ltr'><em>ὥςπερ</em></span> <span class='ocrx_word' id='word_1_271' title='bbox 1443 2318 1630 2364; x_wconf 79' lang='grc' dir='ltr'><em>κρατεῖς,</em></span> 
     </span>
     <span class='ocr_line' id='line_1_33' title="bbox 517 2371 1493 2432; baseline -0.001 -13"><span class='ocrx_word' id='word_1_272' title='bbox 517 2375 599 2419; x_wconf 81' lang='grc' dir='ltr'><strong>σὺν</strong></span> <span class='ocrx_word' id='word_1_273' title='bbox 630 2371 844 2432; x_wconf 79' lang='grc' dir='ltr'><em>ανδράσιν</em></span> <span class='ocrx_word' id='word_1_274' title='bbox 875 2374 1060 2418; x_wconf 77' lang='grc' dir='ltr'><em>κάλλιον</em></span> <span class='ocrx_word' id='word_1_275' title='bbox 1092 2372 1116 2432; x_wconf 84' lang='grc' dir='ltr'>ἢ</span> <span class='ocrx_word' id='word_1_276' title='bbox 1147 2378 1274 2432; x_wconf 84' lang='grc' dir='ltr'><em>κενῆς</em></span> <span class='ocrx_word' id='word_1_277' title='bbox 1305 2385 1493 2432; x_wconf 82' lang='grc' dir='ltr'><em>κρατεῖν.</em></span> 
     </span>
     <span class='ocr_line' id='line_1_34' title="bbox 352 2451 522 2490; baseline -0.006 0"><span class='ocrx_word' id='word_1_278' title='bbox 352 2451 420 2490; x_wconf 88' lang='lat' dir='ltr'><strong>Tr.</strong></span> <span class='ocrx_word' id='word_1_279' title='bbox 444 2452 522 2489; x_wconf 84' lang='lat'><strong>731</strong></span> 
     </span>
     <span class='ocr_line' id='line_1_35' title="bbox 517 2508 1493 2569; baseline -0.002 -14"><span class='ocrx_word' id='word_1_280' title='bbox 517 2516 645 2569; x_wconf 88' lang='grc' dir='ltr'><em>σιγᾶν</em></span> <span class='ocrx_word' id='word_1_281' title='bbox 677 2508 733 2556; x_wconf 78' lang='grc' dir='ltr'><strong>ἂν</strong></span> <span class='ocrx_word' id='word_1_282' title='bbox 764 2509 949 2568; x_wconf 77' lang='grc' dir='ltr'><em>ἁρμόζοι</em></span> <span class='ocrx_word' id='word_1_283' title='bbox 982 2524 1026 2554; x_wconf 88' lang='grc' dir='ltr'><em>σε</em></span> <span class='ocrx_word' id='word_1_284' title='bbox 1059 2509 1140 2554; x_wconf 82' lang='grc' dir='ltr'><strong>τὸν</strong></span> <span class='ocrx_word' id='word_1_285' title='bbox 1170 2512 1312 2554; x_wconf 83' lang='grc' dir='ltr'><em>πλείω</em></span> <span class='ocrx_word' id='word_1_286' title='bbox 1343 2509 1493 2567; x_wconf 84' lang='grc' dir='ltr'><em>λόγον,</em></span> 
     </span>
     <span class='ocr_line' id='line_1_36' title="bbox 517 2578 1373 2638; baseline -0.004 -14"><span class='ocrx_word' id='word_1_287' title='bbox 517 2581 553 2624; x_wconf 83' lang='grc' dir='ltr'><em>εἰ</em></span> <span class='ocrx_word' id='word_1_288' title='bbox 582 2578 639 2638; x_wconf 88' lang='grc' dir='ltr'><strong>μή</strong></span> <span class='ocrx_word' id='word_1_289' title='bbox 669 2598 711 2624; x_wconf 87' lang='grc' dir='ltr'><em>τι</em></span> <span class='ocrx_word' id='word_1_290' title='bbox 744 2582 931 2635; x_wconf 79' lang='grc' dir='ltr'><em>λέξεις</em></span> <span class='ocrx_word' id='word_1_291' title='bbox 961 2580 1087 2623; x_wconf 80' lang='grc' dir='ltr'><em>παιδὶ</em></span> <span class='ocrx_word' id='word_1_292' title='bbox 1117 2581 1181 2635; x_wconf 77' lang='grc' dir='ltr'><strong>τῷ</strong></span> <span class='ocrx_word' id='word_1_293' title='bbox 1213 2581 1373 2634; x_wconf 70' lang='grc' dir='ltr'><em>σαυτῆς</em></span> 
     </span>
    </p>
   </div>
   <div class='ocr_carea' id='block_1_11' title="bbox 285 2648 1843 2707">
    <p class='ocr_par' dir='ltr' id='par_1_12' title="bbox 285 2648 1843 2707">
     <span class='ocr_line' id='line_1_37' title="bbox 285 2648 1843 2707; baseline -0.002 -14"><span class='ocrx_word' id='word_1_294' title='bbox 285 2673 287 2675; x_wconf 87' lang='grc'>-</span> <span class='ocrx_word' id='word_1_295' title='bbox 352 2651 394 2707; x_wconf 87' lang='lat' dir='ltr'><strong>(i.</strong></span> <span class='ocrx_word' id='word_1_296' title='bbox 415 2667 448 2693; x_wconf 90' lang='lat' dir='ltr'><strong>e.</strong></span> <span class='ocrx_word' id='word_1_297' title='bbox 469 2665 582 2693; x_wconf 77' lang='lat' dir='ltr'><strong>menn</strong></span> <span class='ocrx_word' id='word_1_298' title='bbox 612 2655 666 2693; x_wconf 78' lang='lat' dir='ltr'><strong>du</strong></span> <span class='ocrx_word' id='word_1_299' title='bbox 695 2656 843 2693; x_wconf 76' lang='lat' dir='ltr'><strong>deinem</strong></span> <span class='ocrx_word' id='word_1_300' title='bbox 874 2654 1005 2692; x_wconf 69' lang='lat' dir='ltr'><strong>Solane</strong></span> <span class='ocrx_word' id='word_1_301' title='bbox 1033 2653 1162 2691; x_wconf 67' lang='lat' dir='ltr'><strong>ments</strong></span> <span class='ocrx_word' id='word_1_302' title='bbox 1191 2653 1403 2691; x_wconf 76' lang='lat' dir='ltr'><strong>verrathen</strong></span> <span class='ocrx_word' id='word_1_303' title='bbox 1423 2648 1566 2703; x_wconf 63' lang='lat' dir='ltr'><strong>mill-st).</strong></span> <span class='ocrx_word' id='word_1_304' title='bbox 1628 2653 1672 2692; x_wconf 89' lang='lat' dir='ltr'><strong>O.</strong></span> <span class='ocrx_word' id='word_1_305' title='bbox 1693 2652 1738 2690; x_wconf 90' lang='lat' dir='ltr'><strong>T.</strong></span> <span class='ocrx_word' id='word_1_306' title='bbox 1761 2653 1843 2694; x_wconf 86' lang='lat'><strong>940</strong></span> 
     </span>
    </p>
   </div>
   <div class='ocr_carea' id='block_1_12' title="bbox 0 3234 532 3272">
    <p class='ocr_par' dir='ltr' id='par_1_13' title="bbox 0 3234 532 3272">
     <span class='ocr_line' id='line_1_38' title="bbox 15 3234 48 3247; baseline 0 0"><span class='ocrx_word' id='word_1_307' title='bbox 15 3234 24 3244; x_wconf 72' lang='grc' dir='ltr'><em>ἰ</em></span> <span class='ocrx_word' id='word_1_308' title='bbox 43 3243 48 3247; x_wconf 90' lang='grc'><strong><em>,</em></strong></span> 
     </span>
     <span class='ocr_line' id='line_1_39' title="bbox 0 3247 532 3272; baseline 0 0"><span class='ocrx_word' id='word_1_309' title='bbox 0 3247 216 3272; x_wconf 49' lang='lat' dir='ltr'><strong>mnssss*.=x‘*··</strong></span> <span class='ocrx_word' id='word_1_310' title='bbox 233 3253 381 3272; x_wconf 36' lang='lat' dir='ltr'><strong>&#39;vvfss&#39;ffirv</strong></span> <span class='ocrx_word' id='word_1_311' title='bbox 479 3259 483 3262; x_wconf 83' lang='grc'><em>·</em></span> <span class='ocrx_word' id='word_1_312' title='bbox 500 3260 532 3272; x_wconf 61' lang='lat' dir='ltr'><strong>»x</strong></span> 
     </span>
    </p>
   </div>
   <div class='ocr_carea' id='block_1_13' title="bbox 351 2710 1882 2774">
    <p class='ocr_par' dir='ltr' id='par_1_14' title="bbox 351 2710 1882 2774">
     <span class='ocr_line' id='line_1_40' title="bbox 351 2710 1882 2774; baseline -0.001 -14"><span class='ocrx_word' id='word_1_313' title='bbox 351 2715 577 2774; x_wconf 82' lang='grc' dir='ltr'><em>τύραννον</em></span> <span class='ocrx_word' id='word_1_314' title='bbox 617 2711 755 2760; x_wconf 78' lang='grc' dir='ltr'><em>αὐτὸν</em></span> <span class='ocrx_word' id='word_1_315' title='bbox 796 2715 1047 2774; x_wconf 81' lang='grc' dir='ltr'><em>στήσουσιν,</em></span> <span class='ocrx_word' id='word_1_316' title='bbox 1088 2731 1215 2769; x_wconf 63' lang='lat' dir='ltr'><strong>regem</strong></span> <span class='ocrx_word' id='word_1_317' title='bbox 1245 2731 1330 2758; x_wconf 82' lang='lat' dir='ltr'><strong>eum</strong></span> <span class='ocrx_word' id='word_1_318' title='bbox 1360 2730 1440 2759; x_wconf 78' lang='lat' dir='ltr'><strong>esse</strong></span> <span class='ocrx_word' id='word_1_319' title='bbox 1468 2715 1630 2771; x_wconf 80' lang='lat' dir='ltr'><strong>volunt).</strong></span> <span class='ocrx_word' id='word_1_320' title='bbox 1691 2718 1842 2768; x_wconf 83' lang='lat' dir='ltr'><strong>Quibus</strong></span> <span class='ocrx_word' id='word_1_321' title='bbox 1879 2710 1882 2712; x_wconf 34' lang='lat'><em>¹</em></span> 
     </span>
    </p>
   </div>
   <div class='ocr_carea' id='block_1_14' title="bbox 1334 3076 2046 3272">
    <p class='ocr_par' dir='ltr' id='par_1_15' title="bbox 1334 3076 2046 3272">
     <span class='ocr_line' id='line_1_41' title="bbox 1334 3076 2046 3272; baseline 0 0"><span class='ocrx_word' id='word_1_322' title='bbox 1334 3076 2046 3272; x_wconf 95' lang='lat' dir='ltr'><strong> </strong></span> 
     </span>
    </p>
   </div>
  </div>
 </body>
</html>
