2046 3272
865 146 1148 189 —35—

270 268 333 309 die
360 263 507 311 Rucht
532 264 733 319 eryreifen
762 267 802 305 et
829 259 1069 305 entkommen
1099 265 1341 319 continetur,
1369 261 1591 320 βοηθῆσαι
1619 262 1748 305 πλεῦ-

272 345 344 376 σαι
373 337 413 375 01
433 334 513 391 ι(1111
540 334 629 394 ejus
649 334 807 384 generis
827 336 961 374 aoristi
990 338 1095 386 811111,
1124 337 1193 374 aut
1212 335 1364 374 initium
1384 336 1563 387 actionis,
1591 338 1636 375 ut
1663 335 1750 374 sich

271 415 347 444 zur
387 402 494 452 Iszlse
531 402 789 451 aufmachen,
835 401 1042 452 abfahren,
1083 405 1153 442 aut
1191 404 1371 443 effectum
1415 403 1657 455 significent,
1706 405 1750 443 ut

110 515 111 518 ,
268 471 450 512 mirlclich
490 471 597 519 Hilfe
633 470 819 519 brinqen,
858 482 910 509 zu
950 470 1095 520 Schiffe
1132 471 1402 520 htnqelanqen.
1461 473 1507 511 In
1550 484 1629 522 quo
1669 484 1750 510 mo-

0 472 85 611 {fet--
271 540 442 581 nendum
458 540 677 590 'praeterea
709 535 775 578 'est
799 534 1000 590 duplicem
1035 551 1155 589 saepe
1195 539 1386 579 exsistere
1426 538 1745 590 imperfectorum

46 598 64 619 ’”
270 610 530 661 potestatem,
559 607 722 646 alteram
752 620 832 658 qua
860 608 1092 658 praeparari
1121 620 1220 659 rem,
1249 608 1413 647 alteram
1443 621 1524 659 qua
1551 608 1749 658 inceptam

392 1093 433 1123 a.
464 1084 535 1122 Est
564 1084 686 1123 mirus
716 1084 911 1123 interdum
941 1085 1075 1123 aoristi
1104 1085 1144 1123 in
1172 1085 1411 1136 tragicorum
1439 1087 1646 1136 poetarum
1675 1085 1755 1124 dia-

235 1168 240 1172 ’
276 1153 367 1204 logo
399 1165 508 1205 usus,
537 1165 659 1204 quum
689 1153 790 1192 alter
819 1153 1028 1205 iudicium,
1067 1153 1175 1205 quod
1203 1153 1307 1193 inter
1335 1154 1498 1194 alterius
1524 1155 1648 1194 verba
1675 1155 1755 1194 ani-

144 1235 149 1240 ·
203 1245 205 1248 .
274 1234 337 1261 mo
367 1221 441 1260 sibi
472 1221 744 1271 conformavit,
774 1222 842 1260 ubi
873 1222 922 1259 ad
953 1222 1080 1296 ipsum
1111 1233 1240 1260 8011110
1270 1222 1385 1273 redit,
1414 1223 1561 1261 aoristo
1591 1222 1756 1273 profert.

276 1289 399 1340 Cujus
428 1290 587 1340 generis
617 1292 711 1328 sunt
739 1279 872 1339 ᾔνεσα
903 1281 1094 1339 ἐπῄνεσα
1119 1278 1336 1340 ἀπώμοσα
1366 1284 1568 1341 (detestor)
1588 1287 1757 1365 ξυνῆκα

278 1350 433 1408 (ἔπος),
462 1359 507 1396 111
535 1357 629 1396 Eur.
658 1356 746 1408 Iph.
775 1357 821 1395 Τ.
854 1357 961 1396 1025

409 1425 476 1466 Or.
536 1414 632 1463 ἄλλ’
653 1420 690 1463 εἰ
721 1421 768 1463 σὲ
799 1418 930 1463 σώσει
961 1414 1084 1476 κάμέ,
1115 1420 1436 1464 κινδυνευτέον.

409 1482 624 1544 1111101391
656 1484 710 1530 ἂν
741 1489 970 1545 δυναίμην,
999 1486 1051 1531 τὸ
1083 1489 1130 1532 δὲ
1160 1485 1400 1545 πρόθυμον
1428 1484 1573 1544 ᾔνεσα.

278 1561 410 1600 Unum
440 1563 571 1600 exstat
600 1561 707 1612 apud
737 1561 952 1600 Homerum
983 1562 1206 1612 exemplum
1235 1561 1280 1600 Il.
1312 1563 1486 1612 17,173
1507 1559 1591 1599 νῦν
1611 1556 1660 1598 δέ
1679 1568 1756 1599 σευ

277 1609 514 1681 ὠνοσάμην
542 1621 688 1681 πάγχυ
711 1624 875 1680 φρένας
905 1628 981 1675 (sc.
1001 1639 1119 1677 quum
1147 1628 1267 1668 verba
1298 1632 1366 1667 tua
1394 1627 1606 1675 audirem).
1662 1626 1756 1677 Qui-

277 1697 352 1736 bus
389 1697 543 1736 aoristis
589 1710 675 1736 eam
705 1697 929 1746 significari
974 1698 1232 1746 sententiam,
1279 1709 1381 1747 quae
1422 1698 1552 1735 animo
1584 1697 1669 1747 jam
1708 1697 1758 1734 sit

279 1765 479 1817 conclusa,
509 1778 558 1804 ex
588 1777 635 1804 eo
664 1764 913 1816 intelligitur,
948 1764 1055 1816 quod
1084 1764 1191 1816 apud
1220 1764 1448 1815 Euripidem
1478 1764 1636 1804 Heracl.
1675 1765 1756 1803 437

0 1831 33 1897 ᾖ
275 1845 349 1884 pro
379 1823 513 1884 ᾔνεσα
553 1834 741 1884 scriptum
771 1834 831 1872 est
861 1827 1034 1879 αἰνέσας
1064 1826 1161 1883 ἔχω.
1222 1832 1351 1873 Simile
1380 1834 1459 1884 est,
1499 1832 1607 1883 quod
1635 1832 1755 1872 animi

0 1940 22 1970 ἱ,
276 1902 434 1941 0111111110
464 1903 641 1953 affectus,
672 1914 792 1952 quum
827 1902 914 1952 ipsa
942 1901 1065 1941 verba
1092 1900 1377 1953 praecesserit,
1406 1900 1554 1940 aoristo
1583 1912 1756 1952 pronun·

0 1990 41 2054 μ’,
76 2006 77 2009 ,
183 2026 200 2033 „
274 1969 412 2021 tiatur,
456 1972 502 2009 ut
529 1970 744 2021 Sophocles
783 1969 882 2008 Phil.
915 1971 1021 2024 1314
1052 1969 1356 2020 Neoptolemum
1397 1968 1447 2007 ad
1481 1968 1759 2019 Philoctetam,

0 2054 65 2121 E
276 2036 343 2087 qui
372 2039 526 2088 patrem
556 2038 640 2077 eius
669 2026 785 2078 modo
815 2037 1095 2088 praedicasset,
1122 2037 1221 2077 haec
1250 2036 1346 2076 facit
1374 2036 1601 2088 loquentem
1667 2033 1670 2035 ’

0 2122 18 2197 ἓ

0 625 38 662 1ἒ,Ῐ

0 663 34 679 ‘
271 690 356 718 rem
384 674 602 729 perfectam
642 675 829 716 nondum.
846 688 933 717 esse
961 668 1176 729 indicetur,
1205 679 1250 717 ut
1278 670 1442 718 ἔπλεον
1470 679 1539 718 aut
1567 675 1671 717 idem
1701 677 1752 718 sit

0 756 41 794 ff
274 746 386 796 qnod
410 747 467 783 sie
500 748 674 783 rasteten
702 756 779 782 zur
810 744 1002 793 Abfahrt,
1042 749 1112 783 aut
1147 747 1204 783 sie
1244 756 1378 783 maren
1418 747 1500 794 auf
1520 747 1591 783 der
1623 745 1753 783 Fahrt

0 812 41 852 “,
275 813 476 862 beqriffen.

0 872 29 893 vg.

0 902 36 972 [3
950 916 975 960 §
1008 913 1070 954 10.

0 974 32 1050 ζ’
810 990 879 1033 De
909 1001 998 1033 usu
1029 991 1215 1034 acl-isti.

0 1052 35 1077 3„

457 2101 485 2128 θ
524 2095 672 2158 ἥσθην
701 2102 872 2156 πατέρα
901 2098 982 2143 τὸν
1012 2094 1125 2155 ἀμὸν
1154 2094 1423 2155 εὐλογοῦντα
1453 2111 1499 2142 σε

276 2169 319 2223 (1.
353 2186 386 2213 0.
415 2174 565 2213 laetitia
593 2178 736 2223 captus
764 2185 866 2221 sum,
905 2184 1022 2222 quum
1050 2173 1187 2222 patris
1222 2173 1358 2211 laudes
1399 2183 1450 2211 ex
1486 2176 1522 2211 te
1550 2172 1760 2216 audirem).

276 2239 364 2291 Quo
395 2242 565 2283 attinent
605 2235 799 2282 ἔκλαυσα
840 2236 1037 2295 ἐγέλασα,
1067 2241 1137 2293 qui
1166 2240 1289 2293 vulgo
1320 2243 1531 2282 vertuntur
1559 2240 1626 2281 ich
1656 2250 1762 2280 mass

276 2312 435 2361 meinen,
466 2312 616 2359 lachen,
647 2301 880 2350 ἀπέπτυσα
909 2302 1071 2362 ᾤμωξα
1100 2311 1247 2350 aoristi.

387 2379 501 2420 Alius
529 2380 686 2431 generis
717 2381 810 2420 811111
839 2380 994 2420 dicendi
1022 2378 1178 2418 iubendi
1204 2379 1399 2418 suadendi
1425 2379 1590 2418 iurandi
1619 2378 1687 2418 ubi
1715 2378 1756 2418 in

275 2458 467 2497 praesens
496 2452 653 2499 tempus
683 2448 826 2487 cadere
867 2447 1053 2486 videntur
1082 2447 1235 2494 aoristi,
1266 2451 1311 2486 ut
1340 2448 1373 2486 si
1404 2439 1534 2485 εἶπον
1564 2447 1669 2486 1110111
1699 2450 1760 2486 081

278 2515 385 2565 quod
414 2517 580 2556 edictum
608 2518 692 2556 volo
723 2510 836 2568 (Eur.
866 2514 968 2555 Med.
999 2508 1111 2566 272),
1140 2503 1359 2567 ἀπώμοσα
1378 2515 1483 2556 idem
1513 2515 1621 2567 quod
1650 2517 1763 2555 iura-

279 2586 358 2620 tum
393 2586 500 2632 volo,
540 2585 604 2624 ich
640 2585 823 2624 schmore·
854 2584 1012 2622 kiermit
1050 2577 1188 2634 (Soph.
1218 2583 1317 2623 Phil.
1350 2574 1480 2636 12893
1520 2585 1616 2624 Eur.
1656 2584 1763 2634 Cycl.

279 2646 390 2704 265).
448 2667 485 2693 v.
515 2653 563 2694 G.
583 2654 851 2694 Hermannum
871 2653 927 2692 ad
956 2651 1039 2702 Via.
1069 2665 1107 2692 n.
1130 2654 1224 2705 162,
1252 2665 1291 2703 p.
1318 2655 1412 2693 935.
1471 2652 1626 2703 Quibus
1646 2654 1767 2693 aoris-

277 2718 327 2757 tis
357 2722 470 2771 quasi
507 2721 583 2760 iam
621 2721 767 2778 dictum
803 2721 854 2759 sit
889 2719 1039 2771 aliquid
1069 2721 1274 2773 statuitur,
1302 2722 1364 2772 ut,
1395 2733 1518 2773 quum
1547 2724 1653 2762 stare
1683 2733 1768 2762 sen-

280 2787 445 2829 tentiam
499 2790 764 2842 exprimatur,
818 2789 942 2829 maior
979 2786 1111 2829 verbis
1160 2789 1327 2830 accedat
1371 2791 1557 2841 gravitas.
1626 2791 1769 2843 Neque
