2046 3272
919 126 1203 170 ...30-

421 243 556 294 Atque
597 255 732 283 eorum
772 245 943 296 primum
972 245 1259 296 praesentium,
1300 257 1404 296 quae
1442 245 1696 296 praeteritam
1733 245 1799 287 vel

307 312 527 363 perfectam
568 313 764 351 actionem
805 314 1026 365 continent,
1069 314 1251 364 exempla
1292 317 1386 353 sunt
1425 310 1594 353 τίκτειν
1635 319 1800 356 matrem

308 392 401 429 esse,
432 373 562 430 φύειν
588 384 751 429 patrem
773 392 867 429 esse,
896 374 1115 434 θνήσκειν
1135 386 1330 421 mortuum
1350 394 1443 430 esse,
1475 372 1665 422 ἀκούειν’
1686 385 1802 423 αιιάἱ-Υ

306 451 417 495 visse,
449 441 713 499 γιγνώσκειν
744 452 981 498 coqnovc‘sse,
1012 449 1143 487 νικᾶν
1171 452 1320 497 vicisse,
1350 452 1537 489 victorem
1568 462 1660 502 esse,
1688 463 1797 504 προ-

307 509 480 556 διδόναι
502 517 745 566 prodidisse,
768 517 1021 566 proditorem
1051 528 1152 566 esse,
1183 510 1390 567 φονεύειν
1418 518 1682 568 interfecisse,
1713 511 1796 557 σώ-

306 584 399 634 ζειν
427 596 617 632 servasse,
656 574 782 636 ἣκειν
810 586 1030 633 advenisse,
1061 587 1212 632 adesse,
1242 586 1322 624 alia
1349 587 1556 636 permulta.
1613 587 1797 626 Proxime

306 655 428 706 igitur
459 653 654 693 accedunt
684 653 734 692 ad
764 652 954 706 perfecta,
984 655 1127 705 quibus
1148 655 1243 706 ipsis
1273 666 1429 706 quoque
1460 655 1528 706 qui
1558 655 1599 694 in
1618 654 1798 706 perfecta

305 723 439 772 aliqua
478 723 634 760 actione
669 722 837 760 subiecti
882 725 1009 761 status
1051 723 1219 773 quiescit
1260 723 1516 774 significatur.
1579 724 1670 762 -Nec
1711 724 1795 763 ubi-

305 802 383 842 que
424 792 574 840 tamen,
614 789 646 828 si
687 789 904 828 indicativo
944 793 1171 842 ponuntur,
1209 790 1377 842 perfecti
1420 791 1625 831 indicativi
1664 792 1794 831 locum

305 861 453 910 tenent,
475 857 544 897 sed
564 857 825 897 inveniuntur
847 858 964 897 etiam
986 870 1033 897 ea
1053 870 1156 908 quae
1177 858 1315 898 aoristi
1335 859 1466 909 potius
1486 860 1552 899 vel
1571 859 1796 911 imperfecti

303 928 390 965 vice
429 926 543 976 fungi
578 926 699 964 dicas.
766 926 970 964 Permixta
1004 929 1096 964 sunt
1135 927 1290 965 aoristis
1329 927 1447 976 Soph.
1469 927 1513 967 Ο.
1535 929 1581 966 Τ.
1605 930 1712 968 1025
1735 940 1794 978 sq.

363 993 459 1034 Oed.
481 988 549 1045 (ad
571 987 692 1044 serv.)
724 985 777 1030 σύ
808 982 846 1030 6⁰
867 985 1118 1045 ἐμπολήσας
1148 984 1174 1044 ἢ
1204 986 1353 1044 τυχών
1381 983 1424 1045 μ’
1446 983 1567 1046 αὐτῷ
1599 989 1759 1042 δίδως;

305 1057 376 1111 (sc.
398 1062 647 1100 educandum
682 1071 761 1106 me,
804 1072 922 1107 quum
952 1062 1085 1108 infans
1114 1071 1251 1111 essem,
1281 1061 1427 1108 Polybo
1457 1063 1543 1110 reyi
1578 1057 1795 1114 tradidisti)

366 1128 465 1169 Oed.
479 1124 534 1181 (v.
551 1123 678 1181 1039)
709 1114 735 1180 ἦ
756 1121 838 1180 γὰρ
859 1118 964 1180 παρ>
977 1119 1115 1167 ἄλλου
1132 1118 1175 1179 μ’
1189 1122 1352 1181 ἔλαβες,
1373 1119 1469 1168 056⁰
1482 1119 1614 1177 αὐτὸς
1626 1123 1795 1182 τυχών;

360 1199 470 1238 Serv.
491 1196 546 1244 (v,
564 1196 689 1243 1040)
720 1186 818 1243 οὐκ,
850 1187 964 1234 ἀλλὰ
993 1190 1159 1248 ποιμὴν
1191 1188 1322 1243 ἄλλος
1351 1194 1559 1236 ἐκδῖδωσί
1587 1209 1673 1249 μοι.

302 1267 407 1304 Nam
436 1265 578 1315 tragici
607 1264 796 1313 imprimis
827 1267 969 1313 poetae
1008 1265 1230 1314 praesentis
1271 1265 1528 1304 indicativum
1557 1270 1639 1305 tum
1671 1278 1790 1316 saepe

299 1333 515 1390 ponebant,
545 1334 578 1372 si
607 1333 860 1383 praeteritam
889 1333 1061 1382 aliquam
1083 1334 1274 1372 actionem
1305 1334 1354 1372 de
1384 1335 1583 1384 praesenti
1614 1335 1791 1374 subiecto

302 1402 366 1440 vel
395 1402 547 1440 obiecto
577 1401 802 1450 praedicari
842 1401 1033 1438 volebant
1064 1400 1121 1447 (v.
1152 1401 1395 1440 Schneidew.
1427 1400 1472 1439 O.
1502 1402 1548 1439 Τ.
1581 1401 1689 1449 113).

414 1469 603 1507 Eiusdem
622 1468 706 1507 fere
728 1468 888 1517 generis
908 1468 935 1505 ii
954 1468 1226 1517 praesentium
1246 1467 1449 1506 indicativi
1478 1471 1581 1518 sunt,
1610 1481 1790 1519 quorum,

303 1549 425 1586 quum
456 1528 599 1587 πάρος
640 1530 754 1573 ποτέ
791 1535 870 1573 alia
908 1534 1112 1584 praeteriti
1152 1535 1340 1585 temporis
1384 1535 1572 1574 adverbia
1611 1537 1792 1587 apposita

301 1605 390 1655 sint,
418 1616 492 1655 pro
523 1604 657 1642 aoristi
678 1603 896 1648 indicativo
917 1603 985 1641 vel
1004 1615 1078 1652 pro
1099 1603 1331 1652 imperfecto
1353 1615 1447 1642 usus
1478 1606 1549 1643 est.
1597 1604 1790 1654 Exemplo

301 1673 352 1712 sit
382 1671 456 1712 Od.
487 1674 524 1723 9,
553 1673 633 1711 447

436 1736 531 1792 κριὲ
561 1735 722 1787 πέπον,
752 1735 795 1777 τί
824 1750 900 1790 μοι
931 1726 1018 1777 ὦδε·
1050 1731 1121 1775 διὰ
1152 1734 1285 1784 σπέος
1315 1733 1446 1777 ἔσσυο
1476 1732 1629 1792 μήλων

434 1799 652 1853 ὕστατος;
691 1798 790 1845 οὔτι
820 1800 1005 1858 πάρος
1034 1817 1082 1856 γε·
1112 1803 1390 1857 λελειμμένος
1429 1801 1629 1858 ἔρχεαι
1661 1802 1788 1855 οἰῶν,

300 1871 342 1928 (i.
359 1889 393 1914 e.
422 1886 501 1913 non
529 1870 710 1928 solebas).
769 1875 922 1924 Quibus
953 1875 1052 1914 locis
1083 1866 1219 1912 πάλαι
1256 1878 1295 1914 et
1324 1871 1437 1913 note*
1463 1875 1653 1915 adverbia
1691 1888 1787 1926 aug-

298 1945 418 1983 menti
448 1945 562 1994 quasi
592 1945 701 1983 vices
731 1946 1004 1994 susceperunt.

412 2000 662 2052 Praesentisx
683 2025 757 2062 pro
799 2012 932 2051 futuro
977 2023 1072 2051 usus
1109 2012 1150 2050 in
1181 2003 1300 2050 eundi
1328 2012 1519 2063 imprimis
1548 2010 1702 2051 verbis,
1722 2010 1786 2051 ob-

297 2083 408 2121 venit
437 2074 748 2133 (πορεύεσθαι,
790 2075 1012 2132 ἔρχεσθαι,
1043 2075 1186 2131 ἰέναι).
1245 2081 1386 2119 Futuri
1417 2081 1520 2119 enim
1549 2082 1787 2130 potestatem

297 2163 346 2190 ex
376 2150 497 2190 eundi
519 2150 677 2189 omnino
700 2149 861 2188 notione
880 2148 1079 2200 prodiisse
1101 2148 1502 2188 commemoravimus.
1560 2148 1633 2188 Est
1656 2150 1787 2187 tamen

296 2220 336 2258 in
366 2219 455 2258 aliis
485 2219 615 2269 etiam,
645 2220 689 2256 ut
718 2218 764 2258 Il.
788 2219 946 2269 11‚365
977 2203 1004 2268 ἦ
1033 2208 1125 2268 θήν
1156 2205 1194 2254 6'
1215 2209 1391 2265 ἐξανύω·
1420 2229 1468 2268 γε
1499 2212 1719 2269 (fflrofecto
1752 2221 1787 2256 te

298 2286 479 2335 conficto‘
508 2280 731 2338 Kuehner.)
762 2281 836 2323 καὶ
872 2275 1061 2336 ὕστερον
1099 2273 1397 2337 ἀντιβολήσας.
1456 2285 1785 2336 Soph.Phi1.113
1837 2298 1840 2302 ’

557 2349 673 2405 αἱρεῖ
699 2347 755 2391 τὰ
785 2347 894 2403 τόξα
924 2352 1065 2391 ταῦτα
1094 2346 1176 2403 τὴν
1212 2349 1370 2403 Τροίαν
1398 2346 1524 2403 μόνα.

296 2424 463 2475 Saepius
504 2423 705 2462 invenitur
744 2423 784 2461 in
825 2422 998 2461 oraculis
1040 2416 1125 2473 (vel
1155 2420 1303 2460 Herod.
1326 2423 1465 2473 7,140
1505 2412 1609 2460 οὔτε
1646 2414 1729 2473 γὰρ
1759 2412 1785 2474 ἦ

253 2523 255 2525 .
296 2485 465 2542 κεφαλὴ
493 2487 614 2541 με’νει
645 2485 875 2540 ἔμπεδον),
916 2494 960 2528 ut
990 2489 1099 2539 quod
1139 2492 1244 2527 stare
1287 2490 1483 2528 indicetur
1523 2490 1597 2528 hoc
1629 2490 1786 2528 dicendi

298 2572 444 2610 genere
482 2559 730 2610 exprimatur
760 2553 814 2610 (v.
836 2558 1081 2598 Schneidew.
1103 2557 1154 2596 ad
1183 2556 1301 2607 Soph.
1322 2557 1424 2596 Phil.
1447 2552 1557 2609 113).
1616 2557 1692 2606 Qui
1726 2561 1784 2597 ta-

296 2639 388 2666 men
416 2627 641 2676 praesentis
672 2627 878 2665 indicativi
909 2627 948 2664 in
980 2625 1263 2674 interrogando
1303 2625 1500 2664 interdum
1539 2637 1612 2676 pro
1648 2625 1783 2664 futuro

297 2695 364 2734 vel
395 2695 615 2746 praesentis
645 2694 899 2733 coniunctivo
930 2693 1160 2744 obveniunt,
1190 2694 1234 2730 ut
1263 2693 1362 2731 Plat.
1383 2693 1502 2744 Gorg.
1522 2695 1605 2733 480
1634 2684 1660 2746 ἢ
1688 2692 1785 2739 πῶς

294 2759 493 2816 λέγομεν,
523 2764 650 2803 Thuc.
673 2767 708 2816 6,
732 2767 795 2815 77,
818 2766 841 2802 2
873 2754 899 2815 ἢ
927 2759 1120 2814 με”ιόμεν
1151 2755 1232 2807 ἕως
1262 2752 1319 2799 ἂν
1348 2759 1594 2815 ληφθῶμεν
1615 2758 1783 2816 (Krueg.
