2046 3272
804 76 1076 148 '-7-‘

202 229 364 269 dicatur
392 224 463 265 sed
493 235 543 263 ex
562 223 754 263 sermonis
775 226 962 264 contextu
983 214 1205 275 suppletur.
1262 223 1434 263 Eaedem
1454 224 1578 275 igitur
1599 226 1694 264 sunt

209 297 312 336 inter
340 303 531 344 praesens
559 292 791 331 historicum
832 294 872 330 et
909 293 1099 331 aoristum
1140 303 1243 341 quae
1281 292 1385 330 inter
1424 292 1611 330 aoristum
1653 294 1694 330 et

209 361 479 415 imperfectum
515 360 635 399 vices.
693 359 804 409 Quae
844 360 1070 411 praesentia
1109 360 1184 398 etsi
1220 359 1328 409 apud
1356 359 1571 398 Homerum
1613 372 1692 399 non

210 432 313 482 sunt,
342 429 520 480 paullum
550 429 739 468 differunt
777 429 826 467 ab
867 428 1110 479 imperfectis
1146 427 1183 466 ei
1221 427 1395 478 usItatis,
1436 427 1579 478 quibus
1607 419 1693 478 ipse

209 498 447 551 proponitur
477 497 644 536 actionis
675 497 881 537 decursus.

323 567 465 615 Neque
503 566 544 603 in
575 566 803 604 narratione
833 558 959 603 solum
988 564 1212 615 praesentis
1251 562 1466 604 indicativo
1506 565 1693 613 temporis

167 659 171 671 .
214 633 446 686 significatio
480 632 617 672 deesse
646 635 795 684 potest,
833 633 904 672 sed
934 633 1163 684 ubicunque
1199 645 1307 672 mera
1334 632 1555 684 praesentis
1586 633 1693 672 notio

213 704 320 742 nullo
359 702 548 755 temporis
589 704 773 751 respectu
813 702 946 758 habito
986 701 1203 740 indicativo
1241 702 1421 753 ponitur,
1461 703 1504 739 ut
1533 701 1575 740 in
1604 713 1689 740 sen·
1728 754 1731 758 ,

212 770 345 832 tentiis
376 770 648 809 communibus
683 772 723 809 et
757 770 797 808 in
829 770 1189 820 comparationibus
1229 769 1337 820 apud
1368 770 1584 809 Homerum
1625 769 1694 808 im-

211 839 348 891 primis
378 838 658 889 usitatissimis,
697 851 800 889 quae
839 842 989 877 certum
1030 839 1070 877 in
1099 834 1258 888 tempus
1288 839 1449 891 omnino
1484 851 1564 877 non
1594 837 1693 876 refe-

213 909 374 958 runtur,
401 906 478 945 scd
509 906 750 957 cogitatione
780 906 894 945 modo
925 909 1122 946 tenentur.
1181 907 1375 957 Exemplo
1413 907 1463 946 sit
1491 907 1537 945 Il.
1559 909 1596 957 2,
1612 908 1692 946 459
1753 915 1763 941 t

413 963 430 980 ι)
467 964 487 980 (1
539 963 595 979 2)

267 972 361 1012 τῶν
391 970 415 1012 ὁ
450 986 537 1020 ωςτ
571 970 772 1026 ορνίθων
801 972 1033 1027 πετεηνῶν
1063 968 1199 1013 ἔθνεα
1228 968 1377 1013 πολλά

269 1036 383 1080 ἔνθα
412 1039 488 1080 καὶ
518 1036 631 1081 ἔνθα
661 1040 932 1080 ποτῶνται
963 1032 1261 1093 ἀγαλλόμεναι
1290 1035 1592 1094 πτερύγεσσιν,

268 1103 520 1163 κλαγγηδὸν
549 1102 937 1162 προκαθιζόντων,
970 1115 1183 1163 σμαραγεῖ
1211 1105 1260 1149 δέ
1287 1122 1333 1149 τε
1365 1103 1540 1162 λειμών·

269 1170 328 1224 ὡς
357 1177 451 1217 τῶν
480 1173 616 1217 ἔθνεα
645 1190 683 1216 κ.
698 1189 734 1216 τ.
750 1178 785 1216 λ.

324 1248 468 1297 Neque
497 1248 537 1285 in
568 1248 702 1286 aoristi
732 1243 966 1298 indicativo,
1006 1247 1119 1301 cuius
1157 1248 1197 1286 in
1228 1247 1451 1287 huiusmodi
1483 1248 1695 1288 enuntiatis

213 1325 308 1353 usus
339 1313 426 1354 eise
456 1315 575 1366 solet,
613 1316 813 1365 propriam
842 1316 1031 1365 temporis
1061 1315 1391 1366 significationem
1427 1315 1559 1354 inesse
1588 1308 1694 1355 vide*-

211 1382 348 1421 bimus.
830 1388 832 1390 ’
984 1383 989 1391 ’
1062 1380 1064 1383 ’
1532 1381 1535 1383 ’

908 1484 931 1530 ἓ
962 1486 999 1523 2.

768 1560 836 1604 De
867 1560 1142 1615 augmento.

326 1646 368 1696 ἐι.
427 1658 575 1696 Meram
605 1656 728 1695 futuri
757 1655 946 1706 temporis
977 1655 1176 1695 notionem
1198 1668 1278 1695 non
1299 1668 1323 1694 a
1341 1656 1539 1707 principio
1559 1655 1694 1696 futuro

211 1725 376 1765 infuisse
416 1737 538 1776 supra
577 1725 887 1764 demonstratum
918 1726 989 1763 est.
1047 1725 1189 1774 Neque
1225 1724 1334 1774 quod
1373 1725 1419 1763 iis
1457 1725 1696 1777 indicativis,

213 1794 281 1842 qui
310 1796 567 1843 augmentum
596 1793 761 1843 habent,
790 1792 996 1842 proprium
1026 1803 1113 1830 esse
1143 1791 1388 1843 dicebamus,
1427 1792 1477 1831 ad
1506 1793 1694 1842 temporis

213 1860 342 1900 solum
372 1860 700 1913 significationem
730 1862 931 1912 spectasse
960 1859 1128 1900 videtur.

323 1931 385 1969 De
415 1930 618 1980 augmenti
646 1931 788 1968 natura
817 1929 1002 1969 disseruit
1032 1929 1203 1981 Curtius,
1233 1929 1316 1967 Das
1340 1929 1440 1968 Verb
1461 1931 1496 1968 d.
1517 1941 1578 1979 qr.
1600 1929 1693 1979 Spr.

211 1998 283 2035 vol.
301 1998 334 2036 I.
369 2000 446 2038 187
453 2000 476 2036 3
506 2011 545 2048 p.
568 2000 646 2038 104
668 2010 738 2049 sq.,
768 1999 837 2048 qui
856 2010 1075 2048 pronomen
1105 1997 1454 2037 demonstrativum
1476 1992 1537 2049 (a)
1566 1999 1696 2038 inesse

213 2065 284 2117 ait,
327 2067 438 2106 cuius
468 2066 575 2106 notio
616 2067 656 2104 in
685 2066 875 2117 temporis
904 2065 1230 2116 significationem
1260 2069 1401 2118 vocata
1439 2065 1575 2105 eadem
1611 2054 1694 2121 fere

217 2134 267 2173 sit
296 2136 418 2184 atque
450 2139 528 2174 tum
559 2134 736 2174 adverbii
769 2134 984 2181 (damals).
1042 2133 1142 2174 Sunt
1172 2136 1302 2174 autem
1332 2134 1431 2174 haec
1462 2135 1545 2174 eius
1575 2134 1697 2175 verba

216 2195 273 2251 (p.
296 2197 395 2253 110)
425 2203 496 2249 ,Es
522 2204 627 2242 mird
653 2204 734 2251 auf
754 2204 866 2241 einen
894 2201 1104 2251 beliebiqen
1125 2202 1259 2241 Punlct
1285 2204 1507 2249 vermiesen,
1532 2203 1606 2251 fiir
1635 2203 1698 2241 die

220 2269 455 2320 Geqenwart
489 2272 642 2321 bedarf
667 2282 707 2310 es
737 2272 847 2310 einer
875 2271 1034 2311 salchem
1074 2270 1323 2321 Vermec'sunq
1349 2281 1427 2321 yar
1455 2270 1580 2323 nicht,
1618 2281 1695 2310 zur

214 2338 491 2389 Bezetchnunq
520 2341 592 2379 der
612 2331 791 2388 Zulcunft
809 2340 940 2378 stellte
967 2340 1053 2378 sich
1083 2340 1154 2383 das
1185 2340 1424 2388 Bedoerfniss
1453 2343 1534 2378 erst
1560 2341 1696 2387 spater-

204 2408 288 2458 Ἰεἰη,
316 2418 360 2446 so
390 2409 507 2448 ward
521 2408 639 2456 janes
668 2409 720 2447 da
749 2408 821 2447 das
851 2409 903 2446 da
932 2408 1004 2446 der
1043 2407 1381 2457 Verqanqenheitf
1712 2412 1716 2415 “

327 2476 544 2526 Augmeuti
592 2488 677 2515 eam
718 2488 803 2515 esse
843 2476 922 2514 vim
963 2476 1144 2527 dicimus,
1184 2479 1228 2514 ut
1268 2477 1369 2515 actio
1411 2476 1459 2515 de
1499 2477 1696 2525 loquentis

214 2544 318 2582 statu
352 2533 614 2595 removeatur,
644 2556 747 2594 quae
766 2546 942 2594 potestas
972 2556 1022 2583 ex
1043 2543 1338 2583 demonstrandi
1363 2543 1550 2583 facultate
1579 2543 1696 2583 facile

216 2614 354 2650 exorta
396 2615 466 2651 est.
523 2612 584 2651 Ita
624 2615 755 2651 autem
803 2612 1041 2663 plerumque
1088 2613 1191 2651 actio
1237 2613 1525 2663 removebatur,
1565 2614 1609 2650 ut
1647 2612 1697 2652 de

214 2681 413 2733 praesenti
458 2683 638 2731 tempore
682 2680 901 2720 referretur
942 2680 983 2719 in
1029 2681 1295 2731 praeteritum.
1353 2682 1399 2720 In
1441 2693 1520 2732 quo
1557 2681 1696 2720 mirum
1749 2735 1753 2738 η

213 2746 410 2798 videatur,
453 2749 560 2799 quod
597 2751 854 2800 augmentum
884 2761 1038 2799 semper
1076 2750 1116 2788 in
1157 2750 1384 2802 praeterito,
1420 2761 1626 2800 nunquam
1654 2750 1697 2789 in
