2046 3272
777 119 1105 160 .—5-.

214 239 435 292 praeteriti
480 238 669 288 temporis
718 238 918 279 notionem
959 237 1094 277 ferret.
1162 238 1306 277 Futuri
1353 239 1484 277 autem
1530 239 1708 288 potestas

228 307 335 360 apud
362 306 677 359 Indogermanos
706 317 755 345 ex
783 305 1004 357 praesentis
1032 307 1161 345 status
1189 294 1351 346 notio-ne
1380 305 1518 345 evasit.
1574 305 1708 356 Atque

227 378 269 415 in
309 387 455 426 graeca
496 363 656 424 quidem
697 377 737 413 et
778 375 819 413 in
858 375 1054 413 sanserita
1092 374 1231 424 lingua
1278 374 1415 412 futura
1455 385 1543 411 eum
1589 373 1710 412 eundi

186 473 192 480 .
227 443 348 499 verbo
379 437 462 494 (lli)
493 442 711 493 composita
740 444 850 494 sunt,
885 444 929 481 111
967 454 1056 482 611111
1085 440 1312 493 significent
1347 443 1493 481 statum
1521 453 1708 492 praesen·

172 503 175 504 ⁷
227 497 318 562 tem,
347 521 427 560 quo
458 509 547 560 quis
577 510 628 549 ad
658 510 851 549 actionem
882 511 1055 560 aliquam
1084 509 1225 549 tendat
1252 509 1318 548 vel
1347 509 1582 549 adducatur.

341 578 417 619 Sed
458 591 579 629 quum
620 590 666 618 ea
708 580 813 619 esset
850 579 1013 630 propria
1049 577 1176 624 futuri
1214 578 1294 629 vis,
1333 580 1379 617 ut
1416 589 1496 618 non
1535 576 1708 618 futuram

229 636 353 688 solum
384 646 590 699 actionem,
619 647 707 699 sed,
740 647 772 686 si
801 647 1016 687 indicativo
1045 646 1285 698 ponebatur,
1313 649 1563 698 praesentem
1592 647 1709 687 simul

227 715 394 753 subiecti
425 717 571 753 statum
601 715 788 766 referret,
826 716 881 754 ita
918 718 1052 754 tamen
1082 714 1310 765 saepissime
1344 714 1522 754 futurum
1557 714 1707 754 adhibi-

229 788 312 825 tum
343 795 431 824 esse
460 783 655 836 videmus,
693 786 739 824 ut
767 798 846 824 non
877 784 1098 839 praesentis
1128 785 1254 823 status
1290 782 1361 823 sed
1399 782 1558 824 futurae
1588 783 1710 824 solius

228 853 394 891 aetionis
424 854 629 902 respectus
659 852 883 891 haberetur.
940 853 1042 891 Nam
1072 863 1195 902 quum
1231 863 1312 890 11113
1341 851 1555 891 exstitisset
1584 851 1709 891 futuri

226 921 369 972 forma,
411 921 688 972 negligebatur
727 922 767 960 in
810 933 856 960 eo
887 920 1115 971 discrimen,
1158 920 1265 970 quod
1300 920 1403 959 inter
1433 915 1633 972 γέγραφα
1670 923 1711 960 61

227 982 398 1039 ἔγραψα
426 989 703 1039 interpositum
732 991 802 1027 est.

339 1057 401 1096 Ex
432 1068 513 1107 quo
543 1057 777 1107 intelligitur
812 1057 890 1096 duo
920 1068 1007 1096 esse
1042 1056 1166 1095 futuri
1195 1068 1352 1107 genera.
1410 1056 1612 1107 Antiquae
1639 1069 1708 1107 po·

225 1125 380 1163 testatis
411 1137 459 1164 ea
486 1125 677 1176 imprimis
709 1127 819 1176 sunt,
857 1138 961 1175 quae
996 1137 1076 1164 non
1104 1137 1178 1175 per
1205 1126 1381 1177 werden,
1416 1124 1487 1164 sed
1515 1138 1589 1175 per
1617 1126 1712 1165 velle

227 1196 297 1232 aut
326 1193 562 1232 destinatum
592 1204 675 1232 esse
692 1195 918 1247 vertuntur,
947 1195 991 1232 ut
1020 1205 1210 1244 praesens
1240 1193 1357 1243 simul
1377 1193 1544 1233 subiecti
1573 1195 1711 1245 status,

226 1270 304 1312 quo
335 1262 423 1312 quis
463 1263 656 1302 actionem
699 1262 871 1313 aliquam
911 1263 1103 1313 appetere
1133 1262 1199 1300 vel
1229 1261 1280 1301 ad
1314 1262 1372 1301 rei
1402 1264 1589 1302 eventum
1618 1274 1708 1313 pro-

225 1342 368 1380 perare
399 1330 558 1381 dieitur,
588 1330 844 1381 significetur.

285 1441 290 1445 ⁴
340 1394 384 1438 (l.
443 1397 560 1438 Aetio
592 1400 876 1438 autemvutrum
896 1410 1087 1450 praesens
1107 1411 1159 1438 311
1178 1399 1397 1450 praeterita
1416 1412 1468 1439 311
1491 1398 1630 1451 futura
1648 1397 1711 1450 sit,

225 1479 273 1505 ex
298 1467 497 1517 loquentis
527 1469 650 1518 statu,
681 1467 749 1517 qui
778 1479 969 1518 praesens
998 1467 1189 1519 habetur,
1217 1467 1384 1506 iudicari
1402 1467 1515 1506 solet.
1572 1467 1711 1506 Potest

225 1536 355 1573 tamen
375 1536 531 1584 tempus
552 1534 604 1573 ad
625 1528 692 1573 eas
715 1534 832 1574 etiam
855 1546 933 1586 res,
958 1547 1060 1584 quae
1078 1537 1310 1584 praesentes
1331 1548 1410 1574 non
1431 1537 1536 1586 sunt,
1557 1534 1710 1574 referri.

226 1602 353 1642 Huius
383 1603 539 1654 generis
570 1596 712 1654 ἔχεται
740 1615 930 1654 1113686118
961 1606 1022 1644 681
1050 1603 1175 1643 Thue.
1197 1605 1234 1656 6,
1255 1606 1306 1644 91
1339 1598 1376 1642 εἰ
1402 1592 1513 1656 αὕτη
1534 1594 1709 1655 ἡπόλις

227 1663 578 1723 ληφθήσεται,
615 1665 787 1721 ἔχεται
817 1667 891 1709 καὶ
921 1663 947 1723 ἦ
976 1668 1098 1710 πᾶσα
1127 1667 1335 1719 Σικελία,
1363 1683 1454 1710 113111
1483 1670 1525 1709 id
1555 1672 1710 1721 spectat

226 1739 414 1791 temporis
444 1743 701 1791 momentum,
741 1740 850 1791 quod
880 1740 1013 1780 verbis
1044 1735 1081 1778 εἰ
1111 1732 1387 1792 ληφθήσεται
1428 1740 1606 1779 notatum
1637 1741 1709 1778 est.

227 1808 369 1848 Similis
406 1812 466 1848 est
494 1808 662 1859 perfecti
698 1820 794 1849 usui¹
824 1809 943 1860 Soph.
963 1809 1061 1848 Phil.
1084 1807 1136 1848 75
1168 1803 1208 1847 ει
1234 1819 1286 1860 με
1316 1800 1466 1858 τόξων
1496 1800 1708 1860 ἐγκρατὴς

206 1870 558 1930 ἀίσθήσεται,
600 1868 790 1916 ὄλωλα.
867 1877 924 1918 Of.
945 1878 1048 1929 Il.4,
1073 1880 1151 1917 164
1192 1871 1365 1916 έσσεται
1402 1870 1515 1929 ἦμαρ
1557 1865 1623 1915 ὅτ
1652 1867 1709 1915 ἄν

226 1935 328 1984 ποτ’
358 1935 529 1997 ὀλώλῃ
551 1937 683 1992 Ἴλιος
713 1938 793 1998 ἱρή.
854 1945 1002 1985 Eodem
1041 1945 1157 1985 modo
1197 1934 1429 1983 ἀπέτισαν.
1441 1945 1629 1984 aoristum
1658 1945 1706 1983 Il.

227 2016 266 2064 4,
291 2012 365 2053 161
398 2015 808 2067 explicatumsvelim,
850 2028 929 2065 quo
959 2015 1047 2056 1060
1077 2015 1348 2065 Agamemnon
1378 2015 1544 2063 propter
1571 2014 1707 2052 vulne-

225 2083 354 2121 ratum
384 2081 548 2122 fratrem
576 2082 702 2122 iratus
731 2082 831 2123 haee
862 2082 1055 2122 minatur:

340 2145 462 2200 εἴπερ
492 2143 575 2201 γάρ
606 2162 648 2188 τι
679 2147 753 2187 καὶ
784 2140 926 2188 αὐτίκ’
945 2140 1178 2201 Ὀλύμπιος
1208 2140 1293 2188 οὐκ
1323 2144 1552 2187 ἐτέλεσσεν

822 2213 865 2272 (i.
885 2231 918 2259 e.
938 2221 983 2258 ut
1011 2218 1134 2259 Troia
1162 2212 1477 2271 expugnaretur)

339 2281 388 2325 ἔκ
418 2299 466 2325 τε
495 2284 580 2325 καὶ.
600 2277 686 2338 ὀψὲ
715 2285 843 2325 τελεῖ·
875 2280 958 2325 σύν
985 2298 1034 2326 τε
1062 2279 1244 2339 μεγάλῳ
1276 2277 1535 2325 ἀπέτισαν

886 2348 888 2350 ’
1203 2350 1276 2409 (80.
1295 2350 1478 2409 Troiani)

339 2418 421 2463 σὺν
451 2422 612 2475 σφῇσιν
642 2422 859 2475 κεφαλῇσι
889 2420 1062 2475 γυναιξί
1090 2436 1139 2463 τε
1169 2421 1242 2463 καὶ
1271 2420 1507 2463 τεκέεσσιν.

227 2492 298 2532 Ε81
336 2493 475 2533 eadem
513 2494 551 2532 in
593 2493 672 2532 illis
709 2493 813 2532 inter
852 2486 903 2531 ἔκ
930 2504 980 2531 τε
1010 2488 1084 2531 καὶ
1115 2482 1201 2544 ὀψὲ
1230 2491 1352 2532 τελεῖ
1382 2495 1422 2532 61
1452 2485 1534 2531 σύν
1561 2503 1610 2530 τε
1637 2503 1709 2544 με-

227 2552 352 2612 γάλῳ
383 2551 598 2599 ἀπέτισαν
626 2561 729 2600 ratio
760 2573 861 2611 quae
898 2563 958 2600 est
993 2562 1098 2600 inter
1133 2556 1170 2599 εἰ
1200 2553 1458 2613 αἰσθήσεται
1486 2562 1526 2599 61
1555 2550 1710 2598 ὄλωλα

230 2622 369 2680 (Soph.
388 2629 490 2669 Phil.
512 2624 596 2682 75).
654 2628 784 2679 Quum
816 2629 919 2670 enim
950 2641 1015 2681 ea,
1051 2641 1154 2681 quae
1183 2629 1318 2670 aoristi
1351 2628 1565 2669 indicativo
1595 2640 1709 2680 prae-

227 2696 344 2735 terita
372 2698 475 2737 aetio
504 2696 624 2749 inest,
663 2698 715 2752 ad
743 2688 991 2749 praesentem
1020 2709 1143 2749 saepe
1183 2698 1386 2749 loquentis
1426 2699 1572 2736 statum
1606 2696 1710 2736 refe·

225 2766 356 2816 ratur,
389 2768 435 2806 111
470 2766 641 2807 aoristus
675 2750 842 2818 perfecti
872 2778 998 2818 prope
1026 2765 1106 2806 vim
1136 2765 1333 2818 adaequet
1363 2759 1426 2818 (ut
1455 2757 1604 2804 πόθεν
1632 2749 1709 2818 ἦλ-

443 3253 445 3255 ’
487 3249 490 3253 ’
517 3261 520 3264 >
530 3246 985 3272 «bk.=4sss.e‡³23imaui...vzsnm.
999 3249 1168 3272 .=.'?⁴›*..n.'1·—'*12⁷z³
1177 3263 1195 3272 a·
1213 3269 1231 3272 .,
1299 3257 1389 3272 ..r-..uzzv
1401 3261 1407 3272 2
1425 3263 1439 3272 ⁴..
1451 3269 1453 3272 ,
1464 3266 1467 3267 ⁷
1480 3269 1490 3272 ..
1508 3263 1528 3272 -‚
1538 3262 1547 3270 ,ψ
1601 3266 1608 3272 ,
1627 3264 1647 3272 -.
1670 3249 1805 3272 ...G-:inas
1835 3254 1847 3267 «⁶
1860 3251 1863 3254 ⁴
1919 3251 1921 3253 '
1934 3249 1941 3254 “
1955 3251 1960 3256 “
