2046 3272
972 94 1252 160 410—-

367 233 434 283 sit,
475 232 715 283 accipiatur,
750 245 848 283 99³1
881 234 915 272 is
955 235 1158 274 exoriatur
1180 247 1350 287 sensus,
1396 237 1442 275 ut
1480 236 1640 287 saepius
1677 237 1763 277 fieri
1790 240 1871 290 vel·

367 300 453 340 fieri
484 300 629 341 debere
661 300 841 353 ducatur,
871 302 1015 343 deinde
1046 304 1154 354 quod
1185 317 1274 343 cum
1303 304 1581 353 praesentibus
1611 318 1732 356 saepe
1757 308 1864 347 eius—'
1897 323 1899 325 ·

367 369 474 407 modi
505 369 641 407 aoristi
683 370 884 409 coniuncti
915 371 1012 422 sint,
1052 372 1209 410 tertium
1250 372 1356 422 quod
1399 373 1675 412 coniunctivus
1718 374 1857 414 m‘odus
1919 408 1927 416 .

367 449 437 476 eos
467 440 668 487 sequatur.
1374 483 1376 485 q

481 506 569 545 Nec
609 509 742 546 tamen
774 508 931 547 Molleri
972 509 1208 548 sententiam
1247 511 1447 559 receptam
1489 522 1514 548 a
1553 510 1689 549 multis
1728 510 1858 550 video.

368 574 608 613 Reieccrunt
637 588 724 614 eam
744 576 980 626 Kruegerus
1011 580 1050 616 et
1069 578 1323 629 Kuehnerus‚
1352 584 1596 628 acceperunt
1614 578 1727 617 Alex.
1746 580 1857 618 Butt-

368 655 555 694 mannus,
591 644 761 682 Gramm.
780 647 815 683 d.
837 646 884 682 N.
906 646 948 683 Τ.
994 649 1033 684 ct
1072 645 1273 697 Pfuhlius,
1303 647 1376 685 Die
1405 647 1636 694 Bedeutunq
1664 648 1732 685 des
1762 648 1856 686 Aor.

372 711 513 761 Progr.
545 712 686 750 Dresd.
701 714 820 763 1867,
851 713 962 751 cuius
982 713 1078 763 haec
1101 716 1193 761 sunt
1213 713 1335 752 verba
1356 708 1412 764 (p.
1434 708 1505 765 38)
1536 714 1621 761 ,der
1633 714 1859 763 quomische

374 780 508 818 Aorist
537 781 636 819 {esst
663 782 748 819 sich
778 781 887 819 nicht
915 782 975 819 als
1005 781 1271 820 Praeteritum
1301 781 1549 829 betrachten,
1584 783 1636 821 da
1665 783 1766 821 doch
1796 784 1858 821 die

370 846 751 896 Dar-stellunqssorm
785 850 862 897 fiir
903 850 1014 887 einen
1049 848 1396 897 voryelcommenen
1433 850 1635 887 einzelnen
1667 850 1761 887 Fall
1785 859 1859 887 un·
1915 873 1917 876 <

369 915 537 963 moyllelt
578 917 757 965 zuyleiclz
798 919 883 956 eine
933 917 1235 965 Wc'ederholunss
1278 919 1374 956 oder
1418 919 1481 956 ein
1520 919 1679 967 Pfleyen
1720 929 1858 957 veran-

369 983 629 1023 schazclechen
658 984 778 1035 kann,
807 987 893 1023 und
918 987 1072 1024 sodamz
1102 986 1191 1024 weil
1214 1005 1271 1010 —
1302 987 1366 1024 ein
1401 986 1596 1034 (meslend,
1627 986 1756 1025 durch
1786 987 1860 1025 den

369 1052 432 1090 die
468 1053 736 1102 Auso-hamma
774 1055 844 1093 der
889 1054 1083 1093 Griechen
1122 1065 1197 1093 von
1240 1055 1310 1093 der
1345 1055 1573 1103 s'raylichen
1614 1055 1860 1104 Verbalsorm

367 1120 465 1159 iiber
496 1123 599 1160 allen
621 1122 782 1171 Zmeesel
809 1121 980 1161 erhabeu
1009 1124 1111 1161 mlrd
1137 1144 1194 1148 —
1223 1123 1363 1161 diesem
1392 1132 1472 1160 nur
1491 1124 1712 1162 ausser-liele
1735 1134 1861 1173 prae—

370 1191 552 1230 teritalen
582 1190 724 1245 Aoresc,
746 1191 809 1230 dle
841 1189 1080 1230 Nebemc‘itze
1107 1191 1192 1230 sich
1221 1192 1272 1230 im
1306 1178 1533 1234 Com‘imctc'v
1562 1191 1761 1241 ansizyenf

484 1260 616 1308 Atque
659 1260 753 1298 satis
794 1262 982 1310 putamus
1012 1260 1167 1298 validas
1207 1272 1293 1298 csse
1334 1272 1475 1298 causas
1511 1273 1534 1298 a
1563 1261 1730 1299 Mollero
1769 1273 1858 1311 pro-

370 1326 484 1378 latas,
515 1339 586 1365 cur
615 1328 800 1378 gnomico
828 1328 974 1367 aoristo
1006 1328 1209 1378 praeteriti
1239 1327 1428 1378 temporis
1458 1328 1567 1367 notio
1597 1328 1862 1367 abiudicanda

369 1395 431 1433 sit.
487 1397 655 1434 Frustra
674 1396 739 1434 Fr.
759 1395 961 1435 Frankius
982 1391 1187 1447 (Bericlzte
1216 1396 1286 1434 der
1316 1394 1396 1444 hyl.
1412 1395 1542 1435 sccchs.
1565 1395 1772 1435 Gesellsch.
1790 1396 1861 1436 der

379 1463 628 1511 lls'lssensch„
663 1458 807 1514 1854),
847 1465 996 1503 veteris
1035 1464 1253 1503 sententiae
1295 1476 1383 1502 cum
1422 1464 1634 1514 Kruegero
1675 1464 1862 1503 defensor

369 1530 554 1571 refellere
584 1531 795 1571 Mollerum
835 1531 999 1571 studuit.
1056 1532 1196 1582 Neque
1237 1531 1339 1570 enim
1370 1544 1492 1583 quae.
1513 1531 1579 1571 ille
1610 1531 1709 1571 dixit
1747 1531 1859 1572 intel-

370 1601 469 1639 lexit
500 1614 629 1651 neque
659 1601 880 1640 sententiae
911 1613 1006 1639 suae
1044 1601 1268 1651 probabiles
1308 1602 1442 1639 attulit
1473 1613 1629 1652 causas,
1671 1614 1770 1651 quas
1800 1614 1864 1654 re3

369 1669 475 1708 ferre
507 1669 668 1719 longum
700 1671 770 1708 est.

488 1737 674 1776 Aoristus
713 1738 753 1776 in
793 1736 1000 1777 sententiis
1041 1739 1080 1776 et
1118 1737 1158 1776 in
1200 1737 1560 1787 comparationibus
1601 1737 1788 1788 usitatus,
1830 1738 1862 1776 si

370 1807 576 1856 praeteriti
616 1807 804 1857 temporis
846 1819 931 1845 esse
963 1806 1155 1856 creditur,
1195 1819 1242 1845 ea
1273 1794 1374 1855 quae
1415 1805 1591 1844 admixta
1620 1817 1739 1855 saepe
1770 1809 1862 1845 sunt

370 1874 478 1925 apud
508 1875 726 1915 Homerum
757 1874 936 1927 aliosque
967 1874 1181 1926 scriptores
1209 1873 1451 1925 praesentia,
1491 1876 1530 1913 et
1559 1873 1644 1925 ipsa
1673 1873 1861 1914 historica

371 1955 456 1982 csse
488 1944 698 1982 dicendum
729 1946 805 1994 est,
845 1956 948 1993 quae
979 1943 1298 1993 imperfectorum
1339 1944 1468 1981 locum
1499 1944 1673 1981 teneant.
1731 1943 1860 1981 Histo-
1888 1929 1894 1933 ⁶

370 2012 443 2050 rici
484 2013 616 2051 autem
652 2011 872 2061 praesentis
913 2023 1046 2063 usum,
1086 2022 1206 2060 quum
1248 2010 1355 2062 apud
1384 2010 1602 2049 Homerum
1644 2010 1741 2049 alias
1782 2023 1862 2050 non

371 2081 608 2131 inveniatur,
639 2080 687 2118 ab
719 2080 779 2118 his
811 2081 927 2119 etiam
959 2080 1055 2118 locis
1086 2079 1257 2118 alienum
1288 2091 1375 2118 esse
1405 2079 1643 2129 putabimus.
1852 2132 1857 2135 ἡ

486 2151 620 2201 Atque
661 2149 813 2188 fallitur
854 2161 949 2188 sane
989 2150 1241 2199 Kruegerus,
1284 2161 1403 2199 quum
1446 2161 1582 2188 eorum
1624 2148 1862 2188 aoristorum
1923 2200 1925 2202 q

377 2219 591 2269 exemplis,
632 2218 700 2268 qui
731 2208 831 2270 ἤδη,
862 2209 1098 2262 πολλάκις,
1136 2217 1222 2255 aliis
1252 2217 1455 2256 vocabulis
1486 2217 1681 2266 appositis
1710 2219 1863 2267 praetc-

376 2288 440 2327 riti
485 2299 573 2327 esse
603 2288 792 2337 temporis
821 2287 1066 2336 indicantur,
1107 2286 1378 2336 gnomicorum
1418 2286 1653 2325 aoristorum
1685 2286 1864 2335 exempla
1900 2298 1902 2301 ’

376 2358 567 2406 apponat,
611 2366 690 2405 quo
722 2355 782 2393 his
813 2365 973 2404 quoque
1003 2344 1103 2405 ἤδη,
1133 2346 1347 2399 πολλάκις
1386 2356 1425 2392 et
1454 2364 1557 2403 quae
1593 2352 1739 2391 similes
1770 2354 1863 2392 sunt

375 2424 556 2462 notiones
586 2423 750 2461 subesse
782 2423 1037 2461 demonstret.
1097 2421 1252 2459 Minime
1286 2422 1406 2472 enim,
1436 2421 1505 2471 qui
1535 2421 1574 2459 in
1606 2422 1862 2470 comparatio-

376 2491 492 2530 nibus
523 2491 658 2530 aoristi
688 2493 797 2541 sunt,
829 2491 903 2529 hoc
934 2488 1050 2528 modo
1082 2488 1268 2538 explicari
1299 2492 1478 2539 possunt.

487 2559 700 2600 Sententiis
742 2559 1015 2598 communibus
1046 2570 1149 2607 quae
1179 2557 1454 2608 proferuntur,
1502 2570 1624 2606 quum
1655 2570 1733 2596 non
1765 2558 1864 2595 certi

378 2629 565 2680 alicuius,
603 2628 671 2668 sed
712 2627 886 2667 cuiusvis
926 2625 1113 2677 temporis
1144 2625 1222 2664 sint
1256 2628 1294 2666 et
1335 2626 1571 2678 cogitatione
1611 2624 1727 2665 modo
1757 2622 1890 2664 tene-⁸

376 2702 506 2749 antur,
536 2701 644 2737 recte
673 2701 841 2748 possunt
872 2697 921 2735 de
957 2696 1156 2746 praesenti
1198 2696 1396 2745 loquentis
1435 2697 1543 2734 statu
1584 2695 1703 2733 reiici.
1745 2685 1863 2732 'Nam

376 2778 479 2816 quac
508 2767 547 2805 in
583 2767 794 2816 augmento
825 2767 910 2805 erat
940 2768 1018 2804 tum
1062 2762 1241 2803 adverbii
1279 2765 1467 2814 potestas,
1497 2762 1537 2801 in
1578 2760 1864 2801 indefinitivam
