2046 3272
503 764 573 816 DE
612 764 766 816 VERB!
802 764 993 817 GRAECI
1028 764 1382 818 TEMPORlBUS.

310 1005 516 1057 Doctrina
546 1017 593 1056 de
624 1020 843 1068 temporum
872 1017 984 1056 verbi
1013 1019 1145 1067 graeci
1181 1021 1324 1056 natura
1359 1031 1382 1056 a.
1411 1018 1679 1068 grammaticis

199 1087 320 1137 vulgo
352 1086 521 1136 prolata,
551 1097 630 1134 qua
660 1086 790 1123 omnia
821 1098 955 1124 eorum
986 1085 1211 1123 discrimina
1235 1085 1377 1134 partim
1408 1085 1449 1123 in
1479 1086 1680 1135 temporis,

199 1155 344 1204 partim
374 1154 414 1191 in
436 1154 601 1191 actionis
622 1153 686 1191 vel
716 1153 918 1202 perfectae
939 1154 1004 1191 vel
1034 1153 1206 1191 infectae
1238 1152 1529 1202 significatione
1558 1165 1679 1203 pone-

152 1219 156 1222 ’
200 1222 364 1273 bantur,
396 1221 546 1260 duabus
576 1221 765 1272 imprimis
795 1222 912 1260 rebus
942 1234 965 1259 a
995 1221 1281 1260 recentioribus
1312 1232 1452 1259 eversa
1482 1219 1562 1271 est,
1601 1220 1681 1272 pri-

198 1303 321 1342 mum,
361 1291 467 1340 quod
498 1291 645 1329 aoristo
676 1290 790 1329 aliam
821 1293 983 1341 praeter
1013 1302 1079 1329 eas
1110 1290 1308 1330 notionem
1339 1289 1528 1328 accedere
1568 1289 1681 1328 intel-

198 1359 392 1409 lexerunt,
423 1358 577 1410 deinde,
607 1359 725 1410 quod,
747 1371 868 1409 quum
894 1372 917 1397 a
937 1358 1072 1398 formis
1092 1359 1302 1397 verborum
1323 1357 1683 1408 proficiscerentur,

197 1428 388 1477 temporis
429 1428 586 1466 omnino
628 1426 956 1478 significationem
996 1440 1073 1466 non
1104 1440 1127 1465 a
1157 1427 1352 1478 principio
1391 1426 1433 1464 in
1461 1426 1586 1465 verbo
1615 1438 1680 1464 ex·
1732 1424 1735 1427 ”

196 1506 374 1545 pressam
414 1507 500 1533 esse
541 1480 823 1544 cognoverunt.
888 1496 1022 1545 Atque
1062 1496 1208 1546 optime
1248 1494 1422 1534 omnium
1452 1494 1498 1533 G.
1520 1494 1681 1534 Curtius

199 1563 248 1603 de
289 1563 536 1603 emendanda
578 1575 625 1602 ea
664 1563 845 1603 doctrina
885 1564 1047 1603 meritus
1089 1566 1168 1615 est,
1208 1575 1330 1614 quum
1359 1575 1439 1602 non
1471 1562 1570 1615 duo,
1610 1562 1682 1602 sed

197 1631 273 1669 tria
312 1632 477 1669 actionis
517 1643 665 1680 genera
703 1634 862 1681 praeter
910 1632 1098 1681 temporis
1147 1631 1348 1670 notionem
1398 1630 1682 1681 distinguenda.

198 1711 284 1738 esse
320 1699 495 1750 doceret,
534 1699 702 1750 primum
742 1698 850 1750 quod
889 1699 1133 1751 praesentis,
1176 1699 1345 1738 alterum
1384 1697 1493 1749 quod
1533 1698 1683 1750 aoristi,

196 1767 356 1805 tertium
386 1767 495 1817 quod
524 1767 691 1817 perfecti
720 1769 843 1817 stirpe
868 1769 1148 1807 contineretur.
1205 1766 1317 1814 Quae
1341 1766 1483 1804 divisio
1513 1767 1554 1805 in
1582 1766 1681 1817 ipsis

196 1837 417 1886 temporum
456 1835 590 1875 formis
630 1836 790 1875 condita
828 1848 948 1886 quum
983 1834 1185 1887 omnibus,
1225 1836 1294 1886 qui
1324 1834 1372 1874 de
1401 1834 1511 1874 verbi
1547 1834 1680 1885 graeci

197 1903 443 1953 temporibus
469 1905 639 1943 scribere
660 1905 890 1955 suscipiant,
918 1904 1147 1954 recipienda
1168 1904 1229 1954 sit,
1257 1903 1312 1942 ita
1330 1915 1413 1942 rem
1433 1905 1680 1952 pertractare

156 1966 161 1972 “
197 1970 447 2022 instituimus,
475 1975 520 2011 ut
545 1972 592 2011 de
622 1973 811 2023 temporis
839 1973 1011 2022 primum
1040 1973 1080 2011 in
1110 1971 1353 2022 temporibus
1382 1970 1680 2021 significatione,

198 2037 341 2077 deinde
374 2039 422 2078 de
451 2039 576 2078 tribus
605 2039 682 2079 illis
713 2040 880 2079 actionis
909 2039 1125 2090 generibus
1148 2051 1322 2090 agamus.
1379 2039 1518 2078 Altera
1546 2041 1679 2085 autem

200 2107 382 2157 opusculi
421 2110 534 2158 parte
565 2108 811 2158 singulorum
841 2111 1062 2159 temporum
1097 2120 1212 2147 usum
1241 2108 1349 2159 apud
1377 2108 1592 2158 scriptores
1620 2107 1678 2145 in-

197 2177 358 2214 ventum
386 2188 683 2227 persequemur.

309 2311 441 2361 Quum
471 2313 657 2364 cogitatio
688 2315 829 2352 nostra
868 2314 993 2352 omnis
1033 2313 1075 2352 in
1114 2311 1404 2363 distinguendis
1443 2322 1576 2350 rerum
1611 2322 1678 2349 va-

197 2378 401 2419 rietatibus
438 2380 569 2430 posita
598 2380 665 2431 sit,
704 2381 882 2420 oratione
922 2383 1055 2420 autem
1086 2392 1190 2431 quae
1221 2381 1392 2432 cogitata
1421 2382 1513 2425 sunt
1550 2378 1679 2429 profe-

197 2449 354 2498 rantur,
390 2447 588 2499 sequitur,
626 2451 670 2486 ut
699 2460 802 2498 quae
833 2449 1046 2499 cogitando
1086 2449 1358 2499 percipiantur
1391 2460 1524 2487 rerum
1552 2448 1680 2486 varie-

162 2533 165 2536 <
198 2516 300 2554 tates
330 2517 450 2555 'variis
481 2514 597 2555 etiain
629 2518 900 2568 exprimantur
930 2517 1106 2557 vocibus.
1163 2516 1297 2568 Atque
1328 2529 1450 2567 quum
1478 2516 1679 2555 hominum

198 2583 395 2633 cogitandi
435 2584 785 2635 distinguendique
828 2585 1059 2624 facultatem
1098 2585 1294 2636 principio
1336 2585 1521 2635 exiguam
1563 2584 1679 2623 modo

198 2651 334 2704 fuisse,
365 2653 509 2693 deinde
531 2653 754 2693 exercendo
786 2656 942 2693 auctam
971 2666 1059 2693 esse
1089 2654 1368 2706 intelligamus,
1396 2653 1554 2704 linguas
1584 2665 1681 2704 quo-

199 2731 274 2769 que
304 2721 354 2760 de
383 2722 521 2772 parvis
551 2722 776 2771 primordiis
804 2722 860 2761 ita
889 2723 1069 2762 excultas
1100 2733 1185 2761 esse
1216 2725 1402 2774 constat,·
1426 2724 1487 2773 ut,
1515 2721 1681 2760 simulac

200 2800 267 2828 res
298 2790 656 2830 accuratius-inter
685 2802 728 2829 se
758 2791 968 2842 cogitando
999 2791 1360 2841 distinguerentur,
1393 2801 1514 2829 voces
1548 2792 1588 2828 ct
1617 2801 1681 2828 co-

1393 2868 1408 2901 1
