2046 3272
954 123 1233 164 ..22-

349 237 524 297 radices,
566 237 729 277 eandem
767 241 898 278 tamen
931 241 1153 280 retinebant
1181 243 1435 292 potestatem,
1474 253 1576 291 quae
1615 240 1837 291 reduplica-
1895 271 1900 281 .

348 307 456 347 tione
486 306 720 347 addebatur.
761 305 766 310 '

465 375 580 424 Quod
610 375 713 414 inter
742 374 966 426 perfectum
998 379 1037 416 et
1066 378 1255 429 aoristum
1286 376 1498 416 discrimen
1534 378 1575 416 in
1612 377 1735 416 latina
1764 377 1838 417 lin·

350 458 430 495 gua
454 457 534 484 non
555 445 779 484 institutum
802 448 873 492 est,
905 448 949 502 ut
979 459 1058 486 uno
1089 446 1278 498 perfecto,
1309 446 1420 484 cuius
1450 448 1490 485 et
1518 446 1649 495 graeci
1669 445 1838 496 perfecti

352 514 513 564 (pepiqi
541 508 747 566 πέπηγα)
780 516 818 553 et
847 514 982 554 aoristi
1004 515 1236 565 (intelleq-se·
1263 515 1449 562 intellexi,
1479 508 1654 566 ἐλεγ-σα
1685 508 1836 564 ἔλεξα)

352 583 535 622 formatio
566 584 638 633 est,
667 585 879 633 utrumque
909 586 1066 633 tempus
1098 583 1512 633 comprehenderetur.

462 648 644 689 Perfecta
674 650 776 688 actio
807 662 857 688 ne
887 662 960 700 pro
980 651 1193 702 praeterita
1221 650 1436 690 haberetur
1457 650 1689 689 monuimus.
1748 651 1834 691 Nec

351 722 485 757 tamen
516 718 654 755 mirum
685 720 755 768 est,
786 718 893 767 quod
925 719 1027 758 actio
1058 718 1249 770 perfecta,
1280 720 1312 757 si
1334 718 1382 756 ad
1403 721 1652 768 praesentem
1674 719 1836 769 loquen-

350 787 402 825 tis
431 787 576 824 statum
607 784 872 838 referebatur,
912 787 1149 836 praeteritae
1181 786 1377 826 notionem
1408 787 1525 826 facile
1561 787 1672 838 tulit,
1714 800 1836 838 quum

352 855 489 893 eodem
533 855 647 893 modo
679 854 894 893 durantem
935 855 1130 894 actionem
1170 856 1393 904 praesentis
1433 855 1670 906 plerumque
1712 856 1837 894 status

352 922 524 973 speciem
563 920 720 961 efficere
759 921 977 962 videamus.
1034 922 1169 973 Atque
1210 923 1298 962 aliis
1327 923 1367 962 in
1410 923 1556 973 linguis
1587 923 1767 962 durantis
1797 926 1837 963 et

351 990 553 1039 perfectae
584 991 751 1028 actionis
781 991 964 1028 notiones
994 990 1034 1028 in
1066 1002 1154 1028 eum
1184 1002 1347 1040 prorsus
1377 992 1542 1029 vocatae
1579 992 1671 1029 sunt
1711 1001 1839 1042 usum,

352 1060 398 1097 ut
435 1060 504 1097 aut
544 1060 795 1109 praesentem
826 1060 896 1097 aut
935 1058 1193 1109 praeteritam
1233 1058 1426 1098 actionem
1463 1059 1747 1110 significarent,
1799 1058 1839 1097 id

353 1125 461 1175 quod
492 1126 532 1163 in
563 1126 687 1164 latina
717 1128 756 1165 et
784 1127 825 1164 in
854 1126 1062 1165 theodisca
1092 1126 1229 1177 lingua
1268 1125 1415 1165 factum
1452 1137 1538 1166 esse
1576 1125 1840 1176 intelligimus.

352 1194 501 1233 Nostra
537 1195 640 1233 enim
677 1194 723 1232 -in
754 1195 892 1244 lingua
922 1206 1045 1244 quum
1087 1194 1188 1233 duae
1218 1196 1350 1233 essent
1379 1194 1491 1233 verbi
1522 1195 1683 1244 stirpes,
1713 1195 1841 1233 altera

352 1262 586 1313 praesentis,
617 1262 743 1301 altera
771 1261 978 1312 praeteriti
1008 1263 1209 1312 temporis,
1240 1274 1342 1312 quae
1370 1262 1574 1312 praeteriti
1604 1264 1702 1314 erat,
1730 1264 1839 1301 nota-

351 1330 469 1369 batur
497 1329 824 1381 reduplicatione.
897 1330 961 1370 Ad
992 1330 1098 1381 quod
1122 1332 1260 1380 pepiyi
1289 1332 1414 1369 cecidi
1443 1343 1517 1369 nec
1557 1344 1635 1370 non
1666 1331 1841 1368 intellexi

355 1397 593 1447 (intelleq-si)
636 1398 905 1449 perfectorum
942 1410 1039 1437 usus
1070 1399 1233 1438 accedit.
1292 1398 1435 1438 Graeci
1475 1401 1605 1437 tamen
1642 1397 1724 1437 fere
1767 1398 1841 1437 soli

352 1465 555 1515 perfectae
598 1467 765 1505 actionis
803 1469 842 1505 et
870 1467 1062 1516 temporis
1101 1466 1304 1516 praeteriti
1335 1466 1514 1505 notiones
1542 1477 1623 1504 non
1654 1465 1840 1505 confude-

352 1535 457 1586 runt,
487 1546 609 1585 quum
638 1534 759 1586 hujus
788 1537 923 1575 notam
952 1533 1171 1574 retinerent
1200 1536 1464 1584 augmentum.
1521 1533 1704 1573 Perfecto
1737 1534 1841 1573 enim

353 1614 497 1652 graeco
528 1615 610 1641 non
639 1603 878 1653 praeteritae
918 1602 1087 1641 actionis
1123 1601 1356 1652 significatio
1387 1604 1456 1641 est.
1514 1601 1591 1641 Sed
1634 1613 1756 1653 quum
1796 1612 1856 1646 ea.

352 1672 595 1711 statueretur
625 1671 711 1724 ejus
741 1672 866 1725 notio,
910 1674 955 1712 ut
986 1674 1131 1712 statum
1161 1672 1201 1710 in
1231 1671 1410 1723 perfecta
1448 1671 1604 1710 actione
1635 1671 1841 1721 conquies-

353 1743 507 1779 centem
538 1742 788 1792 exprimeret,
817 1741 940 1792 actio,
981 1741 1013 1779 si
1045 1752 1093 1778 ex
1123 1743 1314 1790 sequente
1344 1741 1448 1779 statu
1479 1738 1694 1790 judicatur,
1728 1749 1842 1790 prae-

353 1809 474 1849 terita
504 1809 556 1849 sit
585 1821 749 1849 necesse
773 1812 849 1865 est.
1377 1810 1379 1813 ’

467 1876 509 1916 b.
559 1877 790 1927 Respondet
819 1878 942 1928 igitur
972 1876 1195 1927 perfectum
1235 1875 1392 1927 futuro,
1434 1888 1512 1926 quo
1552 1876 1639 1926 ipso
1680 1885 1840 1925 quoque

353 1944 599 1997 significatur
628 1947 764 1997 status,
795 1946 864 1997 qui
895 1945 1071 1985 futuram
1101 1945 1294 1984 actionem
1331 1946 1517 1984 continet.
1574 1944 1708 1994 Atque
1746 1955 1842 1993 quo-

353 2015 468 2053 modo
500 2015 624 2052 futuri
655 2026 703 2052 ea
731 2014 928 2064 principio
971 2016 1056 2051 erat
1085 2014 1283 2063 potestas,
1323 2015 1366 2050 ut
1401 2011 1645 2063 significaret
1685 2012 1843 2062 statum,

355 2082 422 2133 qui
454 2081 504 2122 ad
535 2083 730 2122 actionem
760 2082 1019 2132 perduceret,
1051 2081 1137 2131 jam
1172 2093 1271 2120 vero
1314 2094 1416 2130 quae
1454 2081 1546 2119 inde
1588 2080 1842 2119 exoriebatur

353 2151 511 2188 futurae
550 2150 715 2188 actionis
755 2150 863 2188 notio
905 2150 961 2187 ita
999 2148 1237 2199 plerumque
1277 2147 1570 2199 praepollebat,
1610 2149 1654 2186 ut
1683 2145 1843 2185 futurae

354 2218 477 2257 solius
507 2219 673 2257 actionis
704 2231 834 2268 neque
873 2220 1001 2257 status
1041 2217 1158 2254 simul
1192 2219 1397 2266 respectus
1436 2216 1664 2266 haberetur,
1705 2213 1842 2252 eadem

354 2286 438 2325 fere
468 2288 620 2325 ratione
664 2287 704 2325 in
734 2287 938 2337 perfecto,
978 2297 1056 2335 quo
1088 2283 1299 2323 notabatur
1340 2287 1466 2324 status
1496 2284 1536 2323 in
1571 2282 1751 2334 perfecta
1779 2293 1842 2321 ac-

354 2356 463 2393 tione
494 2356 646 2404 positus
677 2351 741 2406 (ut
770 2351 982 2407 κέκτημαι
1001 2354 1193 2402 possideo,
1224 2348 1393 2404 γέγηθα
1414 2353 1564 2391 laetitia
1586 2355 1726 2400 captus
1745 2359 1842 2397 sum,

355 2420 512 2474 laetor),
552 2423 608 2462 ita
638 2435 755 2474 saepe
787 2426 912 2463 status
942 2422 1050 2461 notio
1081 2421 1267 2472 recessit,
1311 2424 1353 2459 ut
1394 2421 1495 2460 actio
1534 2433 1622 2460 cum
1664 2432 1709 2458 eo
1751 2419 1842 2457 laxe

356 2493 599 2542 cohaereret,
629 2494 673 2530 ut
701 2492 744 2531 Il.
777 2494 842 2543 24,
875 2494 953 2530 391

522 2553 603 2597 τὸν
632 2556 713 2610 μὲν
744 2553 830 2611 ἐγώ
861 2552 982 2611 μάλα
1013 2551 1157 2596 πολλὰ
1186 2550 1298 2607 μάχῃ
1331 2553 1394 2594 ἐνὶ
1425 2553 1679 2607 κυδιανείρῃ

521 2617 576 2677 (iq
584 2626 824 2680 θαλμοῐσιν
855 2619 879 2666 ὅ
892 2640 926 2666 π
939 2640 976 2665 ω
989 2639 1023 2665 π
1036 2639 1073 2664 α.

356 2698 416 2735 Ex
455 2709 502 2735 eo
544 2699 693 2748 autem,
729 2697 836 2746 quod
877 2696 1165 2746 perfectorum,
1206 2694 1245 2732 in
1286 2694 1429 2744 quibus
1465 2694 1566 2733 actio
1609 2704 1697 2732 cum
1738 2692 1843 2742 statu

354 2767 464 2805 arcte
505 2765 719 2817 conjuncta
753 2769 811 2806 est
850 2761 914 2817 (ut
955 2766 995 2804 in
1032 2760 1218 2816 γέγηθα)
1259 2763 1445 2814 frequens
1481 2762 1585 2813 apud
1628 2762 1843 2801 Homerum
