2046 3272
904 120 962 127 —
1018 88 1084 138 41
1128 118 1186 141 έ-

196 206 200 209 ¹
234 268 237 270 q
274 184 440 271 &futuris
470 206 642 264 γέγηθα
662 205 833 264 τέθηλα
853 212 1030 264 perfecta
1049 212 1302 264 respondent.
1359 213 1540 253 Alterum
1561 191 1622 251 Est
1641 221 1781 263 gentle,

297 276 408 332 quod
448 282 488 319 et
518 279 569 319 ad
597 280 710 330 prius
737 280 837 320 illud
873 283 912 320 et
946 281 996 320 ad
1026 281 1185 321 tertium
1224 281 1331 331 quod
1369 282 1576 321 statuimus
1616 279 1782 338 accedit,

296 348 331 405 si
357 349 485 387 status
513 346 547 385 is
576 358 663 386 esse
693 346 849 400 dicitur,
879 349 948 399 qui
968 348 1141 388 futuram
1162 348 1319 387 omnino
1345 349 1538 388 actionem
1560 348 1773 387 contineat.
1800 357 1811 363 ⁸

295 416 415 455 Valet
444 417 575 454 autem
604 415 702 454 haec
731 414 853 454 futuri
883 419 1071 467 potestas,
1100 417 1329 467 ubicunque
1359 417 1597 456 destinatum
1626 414 1779 465 aliquid

296 494 383 522 esse
412 482 647 532 exprimitur
676 483 741 521 vel
776 483 911 522 futura
947 484 1080 534 aliqua
1108 483 1210 523 actio
1241 496 1386 535 magna
1415 483 1586 534 quadam
1616 495 1706 522 cum
1735 482 1776 520 vi

296 549 345 590 dc
387 549 563 590 subiecto
602 549 867 600 praedicatur.
924 551 1040 601 Quod
1079 564 1206 603 genus
1246 545 1378 603 ἔοργα
1409 545 1570 590 ἔκτονα
1609 541 1776 589 ὄπωπα

295 617 484 669 perfectis
523 618 738 667 respondet
777 614 831 670 (V.
852 620 876 663 ἓ
899 614 981 671 11).
1050 620 1184 670 Atque
1226 620 1323 658 haec
1361 619 1539 670 perfecta
1577 617 1775 677 quompde

296 699 385 726 cum
422 686 698 736 praesentibus
737 700 809 736 pro
848 687 1037 738 perfectis
1076 686 1217 738 positis
1252 690 1347 738 ,apte
1383 687 1661 737 conferuntur,
1699 686 1777 725 illis

296 754 414 793 etiam
442 753 589 792 futuris
616 755 842 804 praesentia
869 756 909 793 in
947 756 1118 794 oraculis
1152 756 1386 804 praesertim
1425 755 1649 793 futurorum
1688 754 1777 792 loco

297 821 459 860 inventa
497 815 540 870 (ὃ
561 824 585 861 8
606 815 650 872 b)
692 825 928 872 congruunt.
1004 823 1181 862 Tertium
1221 825 1297 873 est,
1338 823 1371 861 si
1410 824 1537 861 status
1576 820 1684 860 notio
1723 821 1779 860 ita

295 888 473 941 recessit,
502 888 733 928 ut‘futurae
765 890 884 930 solius
915 889 1082 930 actionis
1111 889 1317 940 reSpcctus
1345 889 1539 929 habeatur
1559 884 1665 941 (cf.§
1689 891 1710 927 1
1726 881 1778 936 c).

408 955 451 995 b.
509 957 719 1007 Proprium
758 960 890 997 autem
930 961 991 997 est
1027 957 1181 1009 futuro,
1220 960 1264 996 ut
1299 960 1460 1008 praeter
1494 958 1619 1007 ipsam
1649 959 1777 996 status

297 1027 336 1064 et
364 1024 531 1064 actionis
558 1023 886 1076 significationem
925 1026 1025 1065 alias
1063 1026 1179 1064 etiam
1210 1025 1394 1065 exhibere
1424 1025 1550 1076 possit
1585 1024 1778 1064 notiones.

294 1094 396 1131 Nam
426 1093 560 1131 subest
597 1093 795 1132 interdum
830 1093 939 1133 notio
967 1095 1107 1141 sollen,
1146 1096 1191 1131 ut
1218 1094 1318 1133 Xen.
1340 1094 1432 1144 Cyr.
1453 1097 1490 1145 8,
1512 1096 1548 1145 6,
1569 1095 1594 1132 3
1624 1084 1779 1142 σατρά-

295 1172 381 1206 πας
421 1157 546 1199 δοκεῖ
581 1156 752 1211 πέμψαι
790 1172 878 1212 μοι,
921 1155 1080 1207 οιῒινες
1117 1152 1300 1213 ἄρξουσι
1335 1159 1428 1200 τῶν
1463 1153 1780 1208 ἐνοικούντων,

295 1230 364 1268 aut
405 1229 514 1268 notio
556 1227 728 1280 konnen,
776 1232 821 1268 ut
861 1218 945 1267 οὐκ
986 1222 1142 1280 ἔχομεν
1183 1218 1290 1267 ὅτου
1333 1233 1459 1267 σῖτον
1499 1218 1777 1281 ὠνησόμεθα.

296 1295 373 1344 Qui
402 1307 501 1336 usus
532 1297 572 1334 in
603 1298 727 1335 status
763 1296 1050 1347 significatione
1085 1297 1239 1346 positus
1269 1299 1339 1336 est.
1397 1298 1529 1347 Atque
1564 1308 1686 1347 quum
1716 1308 1777 1336 ea-

295 1364 385 1404 dem
415 1364 523 1403 notio
552 1365 674 1403 sollen
704 1364 946 1404 coniunctivi
977 1376 1098 1414 saepe
1129 1365 1179 1403 sit
1207 1365 1273 1404 vel
1302 1365 1486 1415 optativi,
1525 1364 1651 1404 futuri
1680 1363 1778 1403 indi-

297 1431 469 1472 cativum
498 1431 640 1471 horum
669 1431 869 1472 interdum
899 1432 1104 1472 modorum
1132 1433 1264 1472 locum
1295 1432 1472 1472 obtinere
1502 1432 1700 1483 videmuS,
1733 1434 1779 1471 ut

294 1501 327 1539 si
356 1500 460 1539 inest
483 1498 727 1539 exhortatio
769 1500 833 1538 vel
871 1500 904 1538 si
933 1513 1006 1550 pro
1050 1501 1226 1552 optativo
1263 1503 1322 1539 est
1360 1501 1400 1539 in
1437 1500 1650 1539 enuntiatis
1679 1500 1777 1539 rela-

297 1568 399 1608 tivis.
457 1566 530 1607 Od.
553 1569 616 1619 14,
638 1569 716 1607 331
749 1557 923 1619 ὤμοσεν
953 1562 1128 1620 ’ἔμμεναι
1161 1561 1360 1620 ἑταίρους
1395 1562 1444 1606 οἵ
1473 1579 1549 1619 μιν
1577 1564 1777 1620 πέμψου-

296 1643 380 1684 σιν,
409 1635 553 1675 welche
581 1635 647 1674 istm
674 1636 838 1684 yeleiten
865 1636 1015 1674 sollten.
1074 1636 1285 1686 Quumque
1323 1636 1534 1675 indicativo
1573 1635 1699 1676 futuri
1738 1639 1778 1675 et

296 1697 549 1744 coniunctivo
581 1703 695 1742 modo
727 1704 800 1743 hoc
831 1716 1037 1743 commune
1067 1705 1128 1755 sit,
1159 1704 1266 1755 quod
1297 1704 1492 1744 actionem
1513 1703 1564 1743 ad
1594 1704 1776 1744 effectum

298 1772 570 1811 adducendam
601 1771 820 1822 continent,
860 1774 918 1810 cst
951 1774 995 1810 ut
1033 1773 1073 1810 in
1113 1772 1231 1811 huius
1271 1772 1428 1811 omnino
1459 1771 1631 1811 notionis
1661 1783 1775 1810 usum

298 1838 422 1878 futuri
459 1839 692 1878 indicativus
732 1851 804 1889 pro
845 1838 1097 1878 coniunctivo
1137 1839 1335 1878 interdum
1374 1838 1630 1890 adhibeatur,
1669 1842 1713 1878 ut
1742 1839 1774 1877 si

294 1896 417 1953 ὅπως
448 1907 673 1946 coniunctio
703 1907 769 1946 vel
798 1896 852 1944 οὗ
870 1899 928 1959 μή
947 1907 1118 1958 negatio,
1147 1919 1269 1958 quum
1289 1907 1585 1946 coniunctivum
1605 1907 1774 1958 plerum-

298 1987 377 2026 que
407 1976 567 2026 ducant,
596 1987 685 2014 cum
714 1975 849 2015 futuro
880 1979 1178 2025 componuntur.
1659 2026 1662 2028 ,

409 2044 597 2083 Formula
627 2046 754 2083 autem
785 2040 828 2082 τί
851 2039 984 2093 λέξεις
1012 2042 1173 2094 tragicis
1202 2043 1330 2093 poetis
1361 2043 1507 2082 usitata
1537 2037 1705 2095 (Krueg.
1725 2043 1777 2095 Π,

299 2114 336 2163 2,
366 2112 389 2156 S
411 2113 477 2164 53,
498 2115 520 2151 7
544 2125 581 2151 n.
605 2107 646 2164 1)
676 2124 796 2163 quum
838 2112 1001 2151 eandem
1041 2111 1124 2150 fere
1165 2111 1348 2150 habuisse
1387 2110 1570 2150 uideatur
1608 2111 1689 2150 vim
1728 2124 1776 2150 ac

294 2183 470 2219 nostrum
500 2191 583 2219 was
612 2182 725 2219 millst
754 2181 807 2219 du
836 2181 958 2219 damit
984 2190 1117 2228 saqen,
1145 2180 1200 2218 ita
1230 2178 1387 2217 omnino
1419 2181 1611 2229 usurpata
1632 2182 1703 2230 est,
1731 2182 1777 2218 ut

294 2247 343 2286 ab
374 2260 440 2300 eo,
470 2248 538 2299 qui
568 2248 699 2288 verbis
728 2248 895 2287 alicuius
924 2247 1176 2297 perturbatus
1206 2248 1326 2298 esset,
1354 2246 1613 2297 proferretur.

408 2325 447 2355 (3.
506 2317 648 2355 Futuri
676 2318 850 2365 potestas
879 2328 959 2354 non
989 2314 1112 2353 futuri
1150 2314 1277 2353 solum
1316 2314 1459 2365 forma,
1498 2314 1569 2353 sed
1597 2311 1775 2365 μέλλειν

295 2383 411 2422 etiam
442 2384 563 2423 verbo
597 2383 699 2423 effici
729 2385 871 2433 potest.
928 2382 1070 2432 Neque
1099 2382 1140 2419 id
1171 2382 1309 2419 mirum
1341 2384 1416 2432 est,
1446 2394 1568 2431 quum
1598 2382 1776 2421 futurum

293 2452 411 2490 etiam
442 2453 496 2491 ita
525 2436 737 2503 exstiterit,
772 2454 816 2490 ut
846 2450 966 2490 eundi
996 2450 1104 2489 notio
1134 2450 1248 2500 stirpi
1277 2450 1501 2489 adderetur.
1560 2449 1695 2500 Atque
1726 2451 1776 2491 de

293 2520 405 2559 vario
445 2520 604 2570 quidem
644 2520 879 2560 eius1vcrbi
919 2531 992 2558 usu
1022 2519 1097 2557 hoc
1137 2518 1225 2557 loco
1254 2529 1334 2557 non
1370 2517 1567 2569 dicemus;
1607 2518 1778 2559 sufficiat

295 2588 526 2640 explicasse,
557 2589 654 2640 quid
685 2589 788 2628 inter
817 2587 1035 2639 praesentis
1064 2586 1187 2626 futuri
1217 2586 1352 2625 aoristi
1381 2586 1596 2626 infinItivos
1627 2588 1664 2627 ci
1685 2600 1776 2628 con-

294 2655 452 2696 iunctos
482 2657 693 2696 discrimen
723 2658 784 2696 sit.
842 2656 1065 2696 Praesentis
1101 2655 1316 2694 infinitivus
1352 2655 1419 2694 ubi
1449 2650 1625 2707 additur,
1663 2656 1704 2694 in
1734 2669 1778 2696 re

260 2739 261 2742 ¹
297 2723 431 2775 aliqua
469 2725 652 2764 facienda
683 2726 917 2776 occupatum
953 2723 1096 2776 aliquis
1133 2723 1181 2763 iri
1221 2723 1393 2776 dicitur„
1424 2723 1531 2763 unde
1571 2735 1619 2763 ea
1657 2736 1778 2776 saepe
