2046 3272
987 146 1272 185 -14—

386 260 510 299 sentis
540 259 600 299 vis
630 260 746 300 inest.
804 261 1010 302 Durativis
1050 264 1182 302 autem
1218 274 1268 301 ex
1297 261 1448 314 verbis,
1486 263 1520 301 si
1560 261 1876 313 praepositiones

385 328 582 377 quaedam
611 328 826 380 adduntur,
854 329 1057 379 prodeunt
1086 333 1369 369 momentanea.

502 390 727 435 Obscurata
762 396 962 436 interdum
1002 398 1161 437 videtur
1190 401 1347 437 vetusta
1375 397 1511 437 aoristi
1540 398 1623 449 vis,
1663 402 1708 437 ut
1736 399 1875 438 aoristi

317 473 320 477 ·
384 475 473 501 eam
495 475 582 502 esse
601 463 668 502 vix
688 466 817 516 putes,
845 467 890 504 ut
918 466 959 504 in
989 464 1161 518 θορεῐν,
1192 461 1382 517 δραμεῖν.
1442 465 1528 504 Nec
1556 467 1688 505 tamen
1717 463 1877 518 θορεῑν

384 531 471 582 ejus
502 533 570 579 quc·
598 533 775 570 saliendo
807 539 1029 582 occupatus
1059 539 1134 582 est,
1176 534 1247 574 sed
1277 533 1363 584 ejus
1392 534 1462 581 qui
1482 534 1650 582 prosilit
1678 546 1749 573 seu
1771 545 1876 589 pro-

383 601 536 649 rumpit
562 600 758 640 actionem
788 603 997 654 proponit,
1038 615 1168 654 neque
1204 599 1384 653 δραμεῖν
1414 603 1636 650 currentis,
1676 602 1746 643 sed
1788 603 1875 654 ejus

384 669 454 715 qui
485 679 653 707 currere
682 669 836 717 incipit.

6 529 9 532 .
0 439 8 478 r*

499 756 541 797 b.
578 758 789 809 Proprium
811 762 943 798 autem
965 763 1025 799 est
1044 760 1256 811 praesenti,
1286 764 1330 799 ut
1359 773 1439 799 non
1459 772 1549 799 eum
1569 760 1685 800 modo
1706 760 1875 811 subjecti

382 828 528 864 statum
557 825 764 877 significet,
794 828 860 876 qui
892 828 931 865 in
964 827 1135 867 durante
1156 829 1288 879 aliqua
1308 828 1462 866 actione
1490 831 1655 880 constet,
1684 828 1754 867 sed
1784 841 1873 867 eum

386 895 567 945 omnino,
609 894 677 945 qui
718 894 914 934 actionem
945 896 1080 946 aliquo
1118 896 1233 936 modo
1274 897 1482 936 contineat.
1542 896 1621 945 Qui
1651 899 1776 937 status
1805 899 1876 937 aut

382 964 475 1002 talis
505 966 577 1013 est,
606 965 650 1000 ut
679 963 781 1001 actio
811 963 983 1013 -saepius
1014 964 1055 1002 in
1087 976 1132 1003 co
1163 967 1384 1016 repetatur,
1423 966 1492 1003 aut
1521 965 1554 1003 is
1586 966 1652 1015 qui
1682 965 1873 1015 praeteri-

385 1034 464 1070 tam
494 1031 561 1069 vel
591 1030 765 1085 futuram
794 1031 992 1070 actionem
1023 1033 1234 1071 contineat.

499 1111 708 1160 Repetitae
739 1111 906 1149 actionis
936 1111 1103 1150 eandem
1133 1123 1218 1150 esse
1248 1110 1574 1162 significationem
1604 1113 1723 1161 atque
1752 1111 1875 1162 ipsius

383 1179 825 1218 actionis1notissimum
857 1182 936 1230 est,
967 1184 1012 1219 ut
1041 1181 1074 1218 si
1104 1181 1192 1230 quis
1223 1180 1328 1220 dicat
1359 1171 1382 1219 ὃ
1412 1172 1687 1231 γραμματεὺς
1715 1172 1874 1231 γράφει

383 1244 507 1293 δίκας
537 1250 607 1285 aut
634 1247 846 1285 scribendo
878 1260 987 1286 nunc
1017 1260 1107 1287 eum
1137 1250 1371 1298 occupatum
1402 1260 1490 1287 esse
1520 1250 1589 1287 aut
1609 1247 1784 1287 scribere
1813 1259 1874 1287 so-

386 1308 702 1366 lere'signifieet.
761 1315 878 1356 Unde
918 1316 1060 1356 solitae
1100 1316 1264 1356 actionis
1302 1316 1410 1356 notio
1451 1320 1590 1357 exorta
1620 1318 1690 1356 est.
1750 1315 1874 1366 Cujus

383 1384 540 1434 generis
582 1387 674 1422 sunt
712 1385 932 1423 sententiae
963 1397 1210 1435 communes,
1251 1387 1294 1423 ut
1336 1379 1378 1422 οἱ
1408 1381 1509 1423 θεοὶ
1539 1382 1741 1437 ζημιοῦσι
1769 1377 1874 1430 τοὺς

383 1445 563 1498 κακούς.
1421 1439 1434 1457 ⁶

497 1521 612 1559 Alter
644 1524 703 1560 est
731 1522 956 1571 praesentis
997 1524 1066 1559 aut
1096 1533 1168 1570 pro
1197 1520 1373 1571 perfecto
1408 1522 1473 1560 vel
1500 1522 1649 1561 aoristo
1680 1521 1731 1559 ad
1760 1533 1874 1572 prae-

384 1602 475 1629 sens
506 1589 730 1640 subjectum
759 1589 885 1629 relato
917 1588 977 1637 (ut
1006 1585 1173 1627 τίκτειν
1202 1593 1365 1628 matrem
1395 1600 1495 1638 esse,
1524 1581 1739 1642 θνήσκειν
1769 1599 1874 1628 mor-

383 1662 491 1696 tuum
530 1652 631 1709 esse)
672 1660 742 1696 aut
776 1670 850 1708 pro
893 1657 1029 1697 futuro
1071 1670 1177 1697 usus.
1235 1658 1281 1696 In
1321 1671 1399 1708 quo
1441 1658 1629 1709 temporis
1671 1658 1873 1698 notionem

386 1727 608 1777 neglectam
638 1725 832 1777 videmus,
861 1739 985 1776 quum
1015 1729 1055 1766 et
1085 1726 1222 1766 futura
1250 1727 1351 1766 actio
1374 1729 1413 1766 et
1427 1727 1643 1778 praeterita
1668 1727 1736 1765 uni
1760 1739 1873 1778 prae-

382 1796 503 1834 sentis
544 1794 694 1833 formae
724 1795 855 1833 inesse
887 1795 1027 1845 possit.
1085 1795 1309 1846 Respicitur
1337 1806 1527 1845 praesens
1557 1795 1685 1834 solum
1715 1794 1868 1844 subJec-

380 1866 464 1902 tum
500 1862 540 1910 (ς
573 1857 630 1914 8).

500 1962 538 1992 c.
570 1953 721 1992 Aoristi
762 1956 801 1991 et
839 1953 1063 2004 praesentis
1102 1953 1305 2004 notiones,
1345 1965 1466 2003 quum
1506 1953 1546 1991 in
1575 1952 1716 1992 eodem
1746 1952 1873 2002 expri-

382 2026 582 2061 merentur
611 2022 753 2071 verbo,
791 2022 895 2060 inter
925 2033 968 2060 se
999 2021 1314 2071 opponebantur.
1370 2021 1608 2060 Accuratius
1634 2021 1757 2071 igitur
1786 2033 1874 2071 per·

386 2090 643 2131 scrutandum
673 2090 758 2138 erit,
799 2102 902 2140 quae
932 2090 1037 2128 inter
1067 2101 1134 2128 eas
1166 2076 1392 2127 discrimina
1422 2101 1471 2128 ex
1500 2089 1680 2140 ipsarum
1720 2091 1874 2139 natura,

384 2171 464 2208 qua
493 2160 561 2197 aut
591 2158 745 2197 facinus
774 2162 842 2197 aut
872 2158 1043 2209 subJecti
1073 2160 1217 2196 statum
1248 2156 1531 2208 significabant,
1560 2157 1771 2197 effluxerit.

497 2239 557 2278 Ac
585 2238 754 2290 primum
785 2238 946 2289 quidem
963 2236 1219 2278 statuendum
1241 2239 1300 2276 est
1329 2237 1474 2276 aoristo
1496 2238 1652 2289 concipi
1682 2236 1735 2289 id,
1765 2235 1873 2288 quod

384 2307 553 2346 absoluti
583 2306 781 2357 facinoris,
811 2308 874 2346 cui
906 2306 1062 2345 initium
1093 2305 1210 2344 simul
1240 2307 1280 2344 et
1308 2304 1396 2343 finis
1426 2305 1530 2357 insit,
1559 2306 1731 2356 speciem
1761 2305 1874 2356 ferat,

383 2387 504 2425 quum
550 2377 760 2425 praesente
800 2374 908 2426 quod
959 2374 1104 2413 durare
1155 2371 1330 2423 fingatur
1374 2374 1633 2423 proponatur.
1703 2371 1873 2411 Facinus

381 2446 511 2483 autem
542 2445 605 2483 vel
633 2445 690 2484 rei
720 2446 886 2484 eventus
916 2455 1038 2493 quum
1073 2442 1264 2491 temporis
1294 2441 1465 2491 spatium
1505 2442 1668 2492 explere
1698 2453 1778 2481 non
1805 2453 1872 2483 co-

380 2512 542 2563 gitetur,
571 2512 670 2551 nihil
700 2513 845 2551 aoristo
875 2512 978 2550 inest
1007 2510 1115 2560 quod
1145 2509 1290 2548 durare
1321 2511 1448 2559 putes.
1505 2510 1592 2548 Etsi
1615 2510 1718 2548 enim
1740 2509 1872 2548 omnia

383 2592 488 2631 quac
520 2580 707 2620 accidunt
735 2580 924 2631 temporis
955 2578 1117 2630 aliquod
1148 2580 1385 2618 momentum
1405 2578 1605 2629 implent,
1644 2578 1686 2617 in
1726 2577 1883 2625 aoristo

380 2652 514 2688 tamen
553 2662 631 2687 non
662 2650 851 2699 temporis
880 2648 1140 2697 diuturnitas,
1180 2646 1251 2685 sed
1282 2646 1351 2695 qui
1392 2647 1494 2685 inest
1523 2647 1690 2685 effectus
1719 2646 1783 2684 vel
1812 2644 1871 2684 fa-

378 2718 494 2757 cinus
524 2719 737 2769 spectatur,
768 2719 812 2757 ut
841 2714 1002 2755 θανεῑν
1032 2716 1180 2755 aoristo
1211 2711 1294 2753 τοῦ
1323 2706 1603 2766 θνήσκοντος
1633 2712 1871 2765 significatio

333 2803 345 2819 ν
378 2786 500 2827 abest.
1431 2781 1453 2871 ἵ
