2046 3272
845 93 1123 173 ..ἐὴ-1

248 251 273 298 ς
293 251 359 302 53,
382 252 475 300 1,11.
492 241 549 301 9),
588 239 644 288 ita
688 248 912 300 explicandi
942 251 1051 299 sunt,
1098 250 1143 288 ut
1181 249 1399 299 praesentis
1439 246 1564 300 magis
1603 249 1730 289 status

248 332 367 372 qnam
395 317 555 360 futurae
584 317 748 355 actionis
777 318 1003 367 respectum
1027 316 1165 355 haberi
1186 316 1374 356 dicamus.
1432 317 1608 356 Vertitur
1628 317 1730 357 enim

246 386 344 434 πῶς
375 381 562 438 λέγομεν
601 397 674 436 per
714 386 813 433 quid
838 386 971 425 dicere
998 385 1065 424 hic
1094 386 1277 434 oportet?
1317 387 1355 424 et
1383 376 1410 437 ἢ
1438 381 1629 436 μένομεν
1657 397 1730 436 per

244 453 299 494 ‘a’n
329 464 377 493 ea
405 463 539 492 sumus
567 457 691 491 mente
718 457 762 491 ut
790 460 1014 490 maneamus
1029 454 1047 491 ?

359 522 476 563 Falso
506 523 637 561 autem
667 520 728 560 his
758 524 827 561 aut
854 520 1093 572 praeteritae
1117 522 1192 560 aut
1220 519 1377 561 futurae
1412 521 1581 560 actionis
1617 532 1729 573 prae·
1788 542 1792 546 ·

247 591 429 631 sentibus
459 590 584 640 ipsam
614 590 810 628 actionem
840 580 1138 639 repraesentari
1160 589 1356 628 dixerunt.

945 692 968 735 ἓ
1000 694 1037 731 9.

737 767 806 810 De
836 777 926 810 usu
955 753 1245 821 imperfecti.

359 863 472 904 Duae
501 862 689 914 imprimis
729 863 821 900 sunt
849 861 1060 901 adhibendi
1098 861 1320 911 imperfecti
1349 873 1502 901 causae.
1561 862 1730 902 Ponitur

249 932 352 971 enim
388 931 579 981 primum,
623 932 690 969 ubi
729 931 779 968 ad
816 930 1138 980 progredientem
1179 932 1224 967 ut
1258 930 1314 967 ita
1354 929 1482 967 dicam
1524 931 1730 979 praeteriti

248 998 436 1049 temporis
475 998 666 1038 actionem
707 998 772 1037 vel
812 997 863 1036 ad
903 999 1048 1036 statum
1090 997 1262 1047 aliquem
1293 996 1445 1035 animus
1476 997 1732 1037 convertitur.

247 1065 357 1113 Quae
388 1076 509 1117 quum
539 1065 682 1103 durare
713 1064 917 1113 fingantur
946 1063 1167 1113 imperfecti
1188 1067 1361 1113 poscunt
1380 1063 1557 1102 formam.
1615 1066 1732 1104 Alter

248 1134 309 1171 est
337 1143 444 1182 usus,
473 1131 540 1170 ubi
570 1131 672 1170 actio
703 1131 744 1169 in
773 1130 877 1169 idem
907 1130 947 1169 in
984 1130 1092 1180 quod
1122 1129 1200 1169 alia
1239 1132 1396 1181 tempus
1426 1131 1602 1172 incidere
1633 1133 1734 1173 dici-

246 1203 323 1251 tur,
352 1213 474 1250 quum
509 1200 584 1238 hoc
613 1200 731 1238 etiam
759 1202 876 1252 pacto
907 1198 1088 1237 durantis
1118 1199 1286 1246 actionis
1315 1200 1466 1248 species
1494 1202 1733 1250 postuletur.

249 1266 375 1316 Quem
424 1266 685 1317 posteriorem
735 1265 956 1316 imperfecti
991 1277 1106 1304 usum
1159 1266 1462 1316 appellaverunt
1511 1268 1735 1320 relativum,

249 1348 370 1386 quum
400 1335 525 1379 altera
553 1335 655 1373 actio
686 1334 737 1373 ad
767 1334 932 1373 alteram
960 1333 1169 1374 referatur.
1229 1334 1315 1372 Nec
1343 1336 1474 1374 tamen
1515 1335 1556 1374 in
1586 1336 1733 1387 signifi-

250 1403 378 1442 canda
407 1402 600 1442 relatione
629 1402 819 1451 primaria
848 1400 1067 1450 imperfecti
1097 1401 1231 1450 graeci
1259 1402 1319 1439 vis
1348 1403 1479 1451 posita
1509 1407 1579 1441 est.

361 1478 403 1508 a.
433 1469 607 1508 Primum
637 1469 757 1519 igitur
788 1469 837 1507 de
866 1469 1048 1507 absoluto
1079 1468 1310 1517 imperfecto
1341 1481 1516 1520 agamus,
1547 1483 1626 1519 quo
1657 1470 1733 1509 du-

248 1549 341 1576 rans
370 1537 435 1575 vel
462 1536 723 1588 progrediens
751 1537 853 1575 actio
885 1536 1084 1575 statuitur.
1143 1535 1266 1574 Cuius
1287 1536 1461 1585 ponendi
1482 1538 1613 1576 varias
1644 1549 1731 1577 esse

247 1605 429 1651 videmus
472 1616 620 1648 causas.
679 1604 963 1644 Commorantis
1006 1615 1094 1643 esse
1130 1604 1233 1643 sol'et
1260 1604 1301 1642 in
1337 1605 1572 1645 narratione.
1630 1607 1732 1647 Nam

248 1686 369 1723 quum
399 1673 534 1713 aoristi
553 1672 769 1712 indicativo
790 1672 939 1711 factum
968 1671 1119 1722 aliquid
1149 1684 1235 1711 esse
1263 1671 1472 1724 referatur,
1499 1673 1730 1724 imperfecto

247 1745 378 1783 autem
408 1742 448 1781 in
486 1741 677 1784 intuenda
704 1741 859 1780 actione
890 1740 1065 1780 nondum
1105 1741 1290 1780 absoluta
1317 1740 1472 1780 animus
1501 1742 1732 1794 retineatur,

251 1811 406 1855 aoristis
446 1822 534 1850 eum
563 1809 805 1859 imperfectis
845 1809 1066 1848 coniunctis
1102 1809 1216 1848 modo
1256 1809 1418 1858 profluit
1458 1811 1583 1849 oratio
1614 1810 1730 1849 modo

247 1878 434 1923 subsistit.
491 1877 579 1926 Quo
601 1877 774 1927 eleganti
804 1876 961 1916 dicendi
980 1888 1127 1927 genere
1146 1877 1342 1917 Homerus
1372 1876 1606 1928 frequenter
1635 1889 1732 1916 usus

247 1949 319 1986 est.
378 1947 509 1996 Atque
542 1948 651 1985 recte
689 1946 923 1996 Kruegerus
958 1945 1184 1995 hujusmodi
1223 1945 1329 1995 apud
1370 1958 1459 1984 eum
1497 1945 1733 1997 imperfecta

246 2015 517 2065 praesentium
546 2015 823 2054 historicorum
853 2015 941 2055 loco
973 2025 1059 2053 esse
1088 2014 1154 2053 ait.
1211 2014 1355 2064 Neque
1392 2025 1458 2053 eas
1496 2013 1731 2064 imperfecto

249 2085 404 2134 concipi
433 2084 609 2123 dicamus
638 2084 833 2134 actiones,
872 2096 976 2133 quae
1018 2084 1182 2124 minoris
1223 2083 1302 2122 sint
1330 2082 1533 2133 momenti,
1562 2082 1633 2121 sed
1663 2094 1734 2122 eas

247 2151 402 2204 potius,
443 2152 586 2203 quibus
626 2151 798 2194 narratio
841 2163 921 2191 non
961 2153 1042 2190 tam
1074 2150 1326 2190 continuatur
1355 2161 1473 2200 quam
1503 2152 1733 2190 exornatur.

247 2220 379 2271 Atqne
407 2222 462 2261 ita
491 2234 611 2272 saepe
641 2221 796 2265 duobus
825 2220 984 2264 aoristis
1013 2219 1246 2270 imperfecta
1283 2219 1521 2269 interposita
1555 2231 1644 2258 esse
1672 2220 1728 2259 in-

247 2290 440 2342 venimus,
470 2293 514 2329 ut
543 2301 645 2340 quae
673 2289 777 2332 intra
805 2288 993 2340 temporis
1024 2288 1195 2338 spatium
1224 2287 1382 2327 aoristis
1412 2286 1612 2338 utrimque
1642 2300 1735 2328 cen-

249 2358 400 2396 clusum
430 2358 538 2396 facta
567 2359 646 2396 sint
675 2357 961 2407 describantur,
1001 2358 1046 2394 ut
1078 2359 1138 2394 est
1164 2356 1285 2405 Soph.
1314 2356 1392 2405 Aj„
1409 2358 1504 2406 296,
1543 2368 1622 2405 quo
1644 2357 1732 2395 loco

248 2426 461 2465 Tecmessa
488 2426 749 2469 insanientem
777 2424 940 2464 Aiacem
970 2423 1312 2475 verbis-depingit

451 2487 538 2533 ἔσω
569 2483 818 2544 δ’ὲςῆλθε
848 2487 1087 2536 συνδέτους
1116 2482 1239 2541 ἄγων
1269 2483 1382 2542 ὁμοῦ

453 2554 658 2613 ταύρους,
689 2553 838 2608 κύνας,
867 2557 1071 2612 βοτῆρας,
1102 2549 1257 2611 εὔερόν
1286 2548 1324 2597 τ’
1346 2549 1501 2612 ἄγραν,

451 2626 527 2667 καὶ·
554 2623 659 2674 τοὺς
686 2625 768 2679 μὲν
797 2617 867 2679 ηὕ
877 2623 937 2677 χέ
947 2638 999 2665 νι
1010 2627 1034 2677 ζ
1045 2639 1087 2674 ε,
1116 2620 1222 2673 τοὺς
1251 2617 1291 2664 ὁὸ
1312 2618 1407 2665 ἂνω
1437 2624 1617 2679 τρέπων

452 2691 612 2747 ἔσφαζε
642 2686 890 2748 κᾶῤῥάχιζε,

250 2756 457 2805 κᾶπειτα.
473 2797 482 2804 .
498 2797 507 2805 .
540 2762 594 2819 (v.
616 2761 715 2818 308)
744 2761 905 2811 παίσας
932 2757 1047 2817 κάρα
1066 2753 1320 2814 ’θώυξειι
1381 2765 1535 2814 Quibus
1563 2765 1659 2804 locis
1688 2777 1736 2805 ea
