2046 3272
1853 0 1865 5 ²
1893 0 1913 20 ,τ
1928 0 1948 19 c
1958 0 2046 34 ,sanese

1694 64 1721 96 *Nx

966 101 1249 143 -24-

360 217 542 270 perfecto
572 230 670 258 vero
700 217 747 269 is,
776 217 846 268 qui
876 217 918 256 in
948 217 1127 268 perfecta
1156 219 1312 258 actione
1343 232 1424 259 una
1463 212 1550 259 cum
1580 222 1686 260 statu
1715 223 1852 260 notata

365 287 638 339 conquiescit,
678 284 933 337 significatur.
991 287 1069 328 Sed
1110 300 1229 339 quum
1260 287 1389 338 quivis
1431 288 1598 341 subjecti
1621 290 1753 329 status
1784 291 1852 329 aut

365 356 491 407 ipsius
520 356 677 394 initium
707 356 777 393 aut
805 353 914 393 aliud
945 354 1113 407 facinus,
1142 367 1191 394 ex
1221 367 1298 405 quo
1329 355 1487 407 prodiit,
1516 357 1719 408 sequatur,
1749 357 1852 396 simi-

361 423 489 464 litudo
521 422 714 475 quaedam
756 422 930 462 notionis
959 422 1062 463 inter
1090 436 1278 473 praesens
1309 426 1365 463 et'
1379 423 1598 475 perfectum
1628 424 1852 477 intercedit,

362 505 444 543 qua
476 491 633 543 quidem
662 490 814 530 factum
845 502 932 530 esse
961 493 1072 543 puto,
1102 494 1146 531 ut
1174 491 1392 543 perfectum
1419 492 1470 531 ad
1489 491 1710 543 praesentis
1731 504 1850 544 saepe

361 562 598 611 potestatem
629 558 900 598 descenderet.
957 560 1061 598 Nam
1083 555 1255 611 γέγηθα
1284 561 1443 611 proprie
1473 560 1671 610 significat
1700 561 1851 599 laetitia

363 631 503 678 captus
530 638 627 675 sum,
657 627 724 665 bin
751 627 793 665 in
822 626 980 665 Freude
1005 627 1210 675 qerathen,
1240 623 1402 680 τέθηλε
1430 621 1482 666 τὸ
1514 623 1700 680 δένδρον
1727 629 1851 667 arbor

360 697 484 745 flores
525 697 624 744 ερίτ,
675 694 781 733 unde
835 696 962 733 laetor
1001 696 1121 742 floret
1157 696 1339 734 notiones
1389 696 1503 735 facile
1544 698 1704 734 exortae
1747 698 1851 735 sunt.

362 763 553 816 Ejusdem
582 762 739 815 generis
770 752 831 802 es't
861 753 962 801 οἶδα
991 756 1076 815 (ich
1105 762 1205 802 habe
1234 763 1417 813 erkannt,
1447 765 1568 812 weiss,
1596 762 1702 812 novi)
1733 767 1772 820 et
1802 776 1849 803 ea

364 833 521 872 omnino
562 822 791 872 theodiscae
829 831 991 882 linguae
1030 831 1170 883 verba,
1200 841 1321 882 'quae
1370 835 1566 872 vocantur
1611 834 1851 882 praeterito-

356 901 593 952 praesentia
624 898 715 948 (lais
744 892 871 947 οἶδα).

475 968 650 1020 Curtius,
686 968 755 1017 Tp.
771 979 810 1006 u.
826 968 934 1006 Mod.
965 970 1113 1020 p.171,
1143 968 1354 1007 multorum
1383 968 1650 1020 perfectorum
1680 969 1851 1020 redupli-

362 1038 516 1077 catione
551 1049 631 1076 non
672 1028 891 1087 perfectam
932 1036 1145 1075 indicatam
1186 1048 1272 1075 esse
1312 1038 1366 1076 ait
1395 1038 1609 1091 actionem,
1653 1038 1723 1077 sed
1754 1050 1850 1090 eam,

363 1106 476 1157 cujus
517 1105 578 1144 vis
621 1105 752 1157 aliquo
790 1104 906 1144 modo
948 1107 1181 1157 augeretur,
1221 1107 1265 1144 ut
1303 1107 1418 1145 vetus
1457 1100 1576 1157 hujus
1604 1105 1851 1146 formationis

361 1176 556 1225 potestas,
595 1174 723 1223 qualis
753 1174 794 1211 in
829 1173 1110 1222 praesentibus
1145 1175 1292 1224 exstat,
1332 1174 1372 1212 in
1401 1174 1447 1212 iis
1476 1175 1719 1213 remanserit.
1777 1175 1852 1214 Sed

362 1256 483 1294 quum
514 1241 592 1282 alia
620 1242 896 1281 institueretur
925 1241 965 1280 in
996 1240 1188 1293 perfecto,
1218 1241 1294 1281 alia
1322 1241 1363 1281 in
1392 1245 1601 1293 praesente
1631 1242 1852 1294 reduplica-

361 1311 480 1349 tionis
510 1310 648 1361 forma,
678 1310 860 1348 notiones
881 1309 1000 1347 etiam
1031 1309 1239 1348 distinctas
1271 1321 1357 1348 esse
1377 1309 1591 1348 verisimile
1612 1312 1681 1348 est.
1740 1309 1851 1358 Quae

361 1380 482 1430 igitur
512 1379 670 1419 Curtius
702 1377 895 1417 eiusmodi
924 1377 1046 1417 habet
1075 1377 1274 1429 perfecta,
1303 1379 1358 1417 ita
1387 1378 1472 1417 fere
1503 1378 1633 1417 omnia
1654 1379 1852 1428 explican-

363 1447 550 1503 da'sunt,
586 1448 630 1485 ut
660 1458 749 1485 eum
779 1444 1003 1496 significare
1033 1444 1218 1484 dicantur
1248 1448 1412 1497 statum,
1449 1445 1516 1496 qui
1546 1445 1670 1496 ipsius
1700 1446 1850 1485 initium

361 1516 427 1555 vel
457 1517 645 1554 eventum
674 1513 874 1561 (Eintrz'tt)
904 1516 1106 1563 sequatur.
1163 1514 1291 1553 Huius
1332 1515 1488 1563 generis
1517 1504 1687 1565 τέθηλα
1718 1517 1756 1553 et
1785 1510 1849 1564 γέ-

363 1580 484 1635 γηθα
512 1581 690 1634 perfecta
719 1592 807 1621 esse
838 1580 1022 1633 diximus,
1053 1581 1228 1621 eiusdem
1260 1583 1319 1620 est
1349 1575 1492 1619 ἔολπα
1521 1581 1622 1620 habe
1651 1581 1713 1619 die
1742 1580 1853 1631 Hoff-

360 1662 471 1701 mmq
497 1652 659 1700 qefasst,
699 1645 897 1701 κέκραγα
928 1650 1137 1689 clamorem
1165 1651 1315 1697 sustuli,
1355 1645 1543 1701 βέβριθα
1580 1650 1646 1688 bin
1676 1650 1850 1696 belastet,

360 1719 528 1766 schmer,
557 1714 701 1770 μέμαα
730 1716 795 1756 bin
835 1716 1014 1757 bestrebt.
1073 1719 1173 1757 Nam
1215 1718 1278 1757 ich
1309 1717 1374 1756 bin
1403 1716 1571 1757 bestrebt
1609 1717 1708 1757 nihil
1743 1716 1852 1756 aliud

362 1790 422 1827 est
451 1787 527 1826 nisi
556 1785 791 1837 perfectum.
849 1785 938 1834 Quo
969 1786 1322 1837 Francogallorum
1353 1785 1511 1825 dicendi
1540 1797 1668 1836 genus
1697 1785 1744 1834 J'e
1771 1786 1853 1824 suis

363 1851 465 1893 aime'
496 1854 667 1899 (amatus
702 1864 805 1900 sum,
846 1848 978 1905 amor)
1017 1853 1299 1893 conferendum
1331 1856 1399 1893 est.
1457 1853 1691 1893 Tenendum
1720 1854 1853 1891 tamen

363 1926 422 1962 est
454 1922 633 1973 perfecta
662 1934 809 1961 meram
847 1934 964 1973 saepe
1005 1922 1227 1973 praesentis
1257 1922 1455 1961 notionem
1491 1921 1707 1972 recepisse,
1747 1923 1791 1959 ut
1821 1921 1853 1959 si

364 1983 607 2043 δεδορκώς,
649 2002 769 2041 quum
800 1991 963 2041 proprie
1005 1990 1056 2029 sit
1092 1991 1164 2029 der
1199 1990 1270 2028 das
1299 1989 1415 2028 Licht
1455 1991 1526 2029 der
1563 1989 1659 2034 ,Welt
1687 1988 1856 2028 erbliclct

361 2060 441 2111 hat,
471 2072 558 2098 eum
589 2059 747 2098 omnino
778 2059 972 2109 significat
1002 2060 1070 2106 qui
1091 2059 1179 2097 luce
1203 2060 1361 2107 fruitur
1389 2059 1454 2097 vel
1484 2070 1572 2097 eum
1603 2059 1670 2105 qui
1698 2059 1739 2096 in
1772 2059 1853 2096 vita

363 2131 431 2167 est.
492 2127 611 2178 Soph.
641 2127 701 2166 El.
733 2128 785 2167 65

570 2187 630 2241 ὡς
660 2184 761 2245 κᾶμ’
792 2189 973 2245 ἐπαυχῶ
1003 2190 1128 2246 τῆςδε
1159 2192 1234 2245 τῆς
1265 2187 1407 2246 φήμης
1439 2185 1527 2231 ἄπο

568 2252 873 2314 δεδορκότ’
904 2258 1084 2313 ἐχθροῖς
1116 2253 1281 2312 ἄστρον
1312 2253 1371 2307 ὡς
1402 2255 1592 2312 λάμψειν
1623 2256 1697 2300 ἔτι.

363 2331 550 2370 Eiusdem
579 2331 739 2381 generis
769 2333 829 2369 est
858 2326 1024 2382 τέθηλε
1055 2330 1154 2367 Phil.
1177 2331 1256 2369 259

1118 2388 1145 2450 ἦ
1176 2387 1215 2435 ‹5'
1237 2391 1314 2450 ἐμὴ
1345 2390 1477 2443 νόσος

691 2456 758 2504 ἀεὶ
787 2463 1002 2519 τέθηλε
1033 2455 1143 2504 κάπὶ
1173 2464 1324 2517 μεῖζον
1355 2460 1536 2518 ἔρχεται.

363 2535 616 2586 Francogalli
649 2535 779 2587 etiam,
810 2536 842 2574 si
873 2535 1010 2574 dicunt
1037 2536 1086 2583 je
1121 2537 1203 2573 suis
1232 2532 1333 2573 aime'
1360 2547 1505 2574 meram
1535 2535 1757 2585 praesentis
1787 2547 1853 2574 no-

362 2603 509 2642 tionem
539 2600 783 2655 exprimunt!

477 2668 521 2710 d.
552 2673 664 2720 Quae
694 2675 824 2712 autem
855 2672 959 2712 actio
989 2672 1167 2723 perfecta
1206 2671 1387 2722 perfecto
1428 2672 1652 2711 continetur
1683 2672 1852 2722 duplicis

363 2739 522 2790 generis
552 2752 638 2781 esse
667 2742 809 2792 potest.
867 2740 949 2780 Aut
978 2740 1088 2780 enim·
1110 2742 1196 2779 tota
1224 2740 1329 2779 actio
1351 2739 1410 2785 (ut
1438 2740 1479 2778 in
1511 2733 1673 2778 ἕκτονα
1700 2733 1849 2791 ἔοργα)
1903 2786 1905 2788 ,
