2046 3272
1914 0 2046 47 §seza

1888 49 1893 57 ’
1920 46 1951 85 ³³
1980 43 2046 98 sil?

446 236 496 275 II.
526 234 715 275 Refertur
743 246 846 286 quae
876 235 1088 275 aoristo
1119 235 1344 275 continetur
1373 236 1477 275 actio

576 302 615 352 a)
646 306 715 342 aut
754 303 793 342 in
833 315 1025 354 praesens
1064 306 1221 354 tempus
1263 323 1316 329 —
1353 304 1468 355 cujus
1503 304 1674 344 notionis
1714 303 1864 344 nullam
1902 348 1904 351 f

644 384 732 412 esse
762 383 880 422 posse
911 372 1076 411 formam
1108 373 1420 424 explanavimus,

575 441 614 486 b)
646 443 715 479 aut
743 441 785 479 in
815 440 1075 490 praeteritum
1103 461 1161 467 -
1190 441 1305 480 indic.
1335 452 1417 480 aor.
1448 433 1633 491 ἔγραψα,

578 507 613 551 c)
645 508 714 545 aut
743 507 783 545 in
816 506 994 546 futurum
1022 527 1080 533 —
1108 506 1227 546 indic.
1257 506 1328 546 fut.
1359 499 1547 559 γράψω,·

429 575 500 615 ΠΙ.
530 574 716 614 Refertur
747 586 848 625 quae
880 574 1108 625 perfecto
1140 576 1364 615 continetur
1394 576 1496 615 actio

575 644 613 689 a)
644 645 714 682 aut
743 643 783 682 in
812 654 1007 694 praesens
1036 645 1191 694 tempus
1219 664 1277 670 --
1305 643 1422 683 indic.
1451 643 1553 695 perf.
1582 638 1795 696 γέγραφα,

573 712 613 758 b)
645 713 714 750 aut
741 711 781 750 in
810 712 1070 762 praeteritum
1101 733 1155 738 —-
1185 711 1498 764 plusquamperf.
1528 704 1804 764 ἐγεγράφειν,

576 781 611 826 c)
643 781 712 819 aut
741 780 780 818 in
810 778 987 819 futurum
1016 801 1073 806 —
1102 780 1220 819 indic.
1249 780 1320 820 fut.
1350 793 1411 821 ex.
1460 773 1748 833 γεγράψομαι.

487 848 618 896 Quum
648 848 770 898 igitur
798 849 932 886 aoristi
962 849 1002 886 in
1031 849 1233 898 praesenti
1261 851 1440 899 tempore
1479 849 1596 898 positi
1627 848 1753 887 forma
1781 860 1866 887 non·

373 917 513 966 exstet,
542 927 673 964 neque
703 915 743 953 in
783 914 918 953 futuro
948 916 1134 965 propriae
1177 915 1313 953 aoristi
1343 917 1382 954 et
1422 916 1643 966 praesentis
1683 915 1864 955 notiones

373 982 501 1021 forma
531 983 740 1022 distinctae
770 983 860 1033 sint,
891 986 1043 1032 septem
1074 985 1167 1021 sunt
1196 983 1308 1021 verbi
1338 983 1468 1032 graeci
1499 987 1679 1034 tempora
1708 983 1774 1026 (de
1793 982 1864 1022 fut.

374 1062 436 1089 ex.
467 1063 503 1089 V.
525 1051 548 1094 δ
582 1052 661 1096 14).
718 1050 977 1100 Reliquorum
1017 1054 1147 1089 autem
1184 1053 1344 1100 praeter
1372 1051 1629 1090 indicativum
1660 1051 1864 1090 modorum

379 1120 554 1168 quatuor
574 1120 667 1157 sunt
687 1130 846 1169 genera,
874 1118 1044 1168 primum
1065 1119 1300 1169 praesentis,
1329 1118 1496 1158 alterum
1522 1119 1675 1170 aoristi,
1703 1119 1864 1159 tertium
1937 1168 1940 1171 Δ
2014 1169 2016 1171 ‚

372 1186 557 1239 perfecti,
587 1189 771 1238 quartum
802 1186 926 1226 futuri
957 1189 1012 1229 (et
1041 1186 1113 1226 fut.
1135 1188 1224 1232 ex).
1281 1188 1476 1226 Futurum
1508 1188 1610 1227 enim
1632 1200 1753 1238 quum
1773 1200 1862 1239 per-

373 1255 477 1293 fecto
508 1255 779 1305 responderet,
811 1255 949 1293 eodem
974 1255 1067 1304 jure
1097 1267 1176 1304 quo
1218 1255 1318 1293 illud
1349 1267 1441 1293 suos
1470 1255 1699 1305 postulabat
1727 1254 1864 1294 modos

374 1322 440 1368 (de
472 1322 670 1362 coniunct.
711 1325 751 1362 et
789 1323 969 1372 imperat.
1009 1321 1080 1361 fut.
1110 1335 1146 1361 v.
1168 1323 1192 1367 ὃ
1226 1321 1327 1369 1b).
1386 1323 1613 1362 Praesentis
1653 1325 1785 1362 autem
1825 1325 1865 1362 et

373 1390 537 1439 perfecti
567 1393 728 1440 praeter
756 1390 1013 1428 indicativum
1043 1389 1159 1439 modi,
1190 1401 1309 1438 quum
1340 1391 1528 1440 temporis
1557 1391 1716 1430 notione
1746 1390 1864 1429 soluti

372 1458 445 1497 toti
476 1469 703 1497 communes
734 1458 814 1496 sint
844 1457 970 1509 stirpi,
1000 1470 1079 1497 non
1101 1457 1151 1496 ad
1172 1458 1393 1507 praesentis
1413 1458 1540 1498 solum
1561 1460 1601 1498 et
1620 1457 1786 1508 perfecti
1799 1457 1862 1496 *in-

374 1526 568 1564 dicativos
598 1527 810 1576 pertinent.
869 1524 1113 1563 Referuntur
1143 1525 1265 1575 enim,
1307 1526 1339 1563 si
1369 1526 1410 1564 in
1440 1526 1655 1576 praeterito
1685 1528 1864 1576 tempore

373 1593 647 1645 collocantur,
699 1593 748 1633 ad
796 1592 1075 1644 imperfectum
1126 1596 1165 1633 et
1205 1593 1653 1645 plusquamperfectum.
1720 1594 1863 1644 Neque

372 1662 507 1699 aoristi
529 1662 647 1712 modi,
676 1672 800 1711 quum
830 1663 1043 1711 augmento
1074 1663 1254 1712 careant,
1281 1662 1487 1712 praeteriti
1517 1661 1646 1700 solum
1675 1660 1863 1711 temporis

371 1732 484 1781 sunt,
524 1733 567 1769 ut
595 1730 635 1769 in
675 1729 810 1769 futuro
841 1741 959 1780 saepe
989 1731 1165 1779 tempore
1195 1732 1407 1780 ponantur.
1464 1729 1541 1770 Sed
1571 1742 1693 1780 quum
1721 1729 1864 1781 reliqui

372 1798 492 1848 modi,
532 1799 564 1835 si
603 1798 792 1836 aoristum
832 1798 872 1835 in
910 1797 1114 1847 praesenti
1143 1800 1319 1848 tempore
1359 1798 1595 1837 collocatum
1634 1797 1864 1849 excipimus,

377 1868 417 1904 et
446 1866 669 1916 praesentis
700 1869 739 1905 et
768 1866 975 1916 praeteriti
1006 1868 1045 1904 et
1075 1865 1198 1904 futuri
1228 1867 1416 1916 temporis
1446 1878 1531 1905 esse
1561 1866 1737 1916 possint,
1777 1877 1863 1904 eam

372 1936 502 1972 tamen
535 1933 777 1973 coniunctivi
809 1935 848 1972 et
869 1933 1093 1983 imperativi
1124 1935 1306 1972 naturam
1337 1946 1423 1973 esse
1445 1933 1627 1982 diximus,
1658 1936 1713 1986 ut,
1742 1946 1863 1984 quum

372 2002 420 2041 de
461 2003 665 2053 praesenti
702 2003 901 2052 loquentis
931 2004 1036 2040 statu
1081 2001 1132 2040 ad
1174 2001 1353 2040 futurum
1392 2005 1547 2052 tempus
1588 2005 1786 2052 spectent,
1825 2005 1865 2041 et

374 2070 597 2120 praesentis
627 2070 775 2120 ubique
804 2070 995 2120 temporis
1024 2070 1102 2109 sint
1131 2072 1170 2109 et
1199 2069 1372 2108 futuram
1393 2070 1588 2110 actionem
1619 2070 1861 2109 contineant.

486 2138 597 2186 Quae
640 2151 715 2189 per
745 2134 891 2189 μέλλω
930 2137 1094 2177 verbum
1125 2137 1285 2177 futurae
1321 2138 1487 2177 actionis
1516 2137 1751 2189 significatio
1783 2136 1863 2176 effi-

374 2206 486 2257 citur,
517 2207 592 2246 hoc
624 2207 785 2258 quidem
816 2206 902 2246 loco
933 2219 1013 2245 non
1045 2206 1297 2257 respicienda
1325 2205 1438 2245 nobis
1468 2209 1538 2246 est.

1072 2309 1096 2353 §
1129 2309 1165 2347 7.

571 2384 640 2427 De
671 2385 948 2438 temporum
980 2396 1126 2436 quam
1158 2383 1327 2426 dicunt
1360 2383 1408 2426 vi
1438 2383 1659 2427 relativa.

483 2486 525 2516 a.
570 2478 795 2518 Relativum
826 2491 912 2518 esse
943 2478 1080 2517 dicunt
1108 2480 1331 2528 temporum
1362 2490 1488 2530 usum,
1530 2479 1563 2517 si
1593 2477 1695 2517 actio
1726 2478 1781 2516 ita
1811 2477 1861 2517 ad

370 2546 485 2584 aliam
516 2545 729 2597 referatur,
770 2549 813 2586 ut
841 2547 907 2586 vel
936 2547 976 2585 in
1005 2546 1109 2585 idem
1141 2558 1228 2585 cum
1261 2558 1309 2585 ea
1336 2546 1526 2597 temporis
1565 2546 1738 2598 spatium
1768 2546 1862 2585 inci-

369 2615 465 2654 dere
496 2615 561 2654 vel
580 2617 758 2666 tempore
780 2628 866 2655 eam
886 2614 1124 2654 antecedere
1153 2614 1362 2654 indicetur.
1421 2615 1564 2655 Graeci
1597 2616 1728 2654 autem
1749 2614 1860 2654 verbi

368 2686 549 2733 tempora
579 2696 701 2733 quum
741 2683 797 2722 ita
825 2684 1066 2734 exstiterint,
1107 2685 1150 2722 ut
1178 2683 1255 2722 tria
1284 2695 1389 2733 quae
1421 2682 1769 2734 distinguebantur
1799 2694 1861 2721 ac-

368 2751 488 2793 tionis
529 2763 679 2806 genera
714 2754 782 2791 aut
811 2751 852 2790 in
882 2764 1071 2805 praesens
1110 2754 1179 2791 aut
1219 2751 1260 2789 in
1289 2751 1546 2803 praeteritum
1582 2754 1651 2790 aut
1688 2751 1728 2790 in
1758 2749 1862 2790 futu·
1892 2765 1898 2770 ⁴
