2046 3272
938 180 1221 221 —34-

335 309 433 348 pore
462 299 672 349 narratur,
711 296 762 337 de
792 310 871 349 quo
902 310 1028 338 sermo
1059 300 1139 350 est,
1181 297 1359 337 durantis
1398 296 1564 338 actionis
1601 297 1668 338 vel
1697 299 1823 340 status

336 366 536 405 notionem
575 366 774 417 postulari
814 367 1064 406 manifestum
1119 368 1189 405 est.
1258 366 1386 416 Saepe
1428 366 1551 416 igitur
1591 367 1822 417 imperfecto

336 446 406 472 eae
437 435 715 485 concipiuntur
745 436 934 486 actiones,
964 447 1066 485 quae
1096 437 1203 473 certo
1235 435 1367 484 aliquo
1388 447 1436 474 ac
1466 437 1603 474 notato
1633 436 1823 487 temporis

337 505 534 541 momento
565 514 649 541 6886
678 503 745 541 vel
773 503 858 541 fieri
888 503 1091 553 dicuntur,
1130 503 1184 541 ita
1213 505 1345 561 tamen
1381 491 1425 541 ut
1453 501 1537 541 fieri
1567 503 1643 541 iam
1684 516 1821 562 coepe-

335 571 414 609 rint
452 564 481 622 (‚
485 565 889 623 ,ΝεῠεηιιφηετᾱηιίεἽ
955 570 1086 621 Atque
1131 569 1231 609 duae
1270 582 1390 621 saepe
1426 570 1603 610 actiones
1637 572 1740 611 inter
1779 585 1822 612 se

334 639 497 691 relatae,
526 639 558 678 si
589 638 692 677 idem
702 640 913 691 temporis
943 639 1114 690 spatium
1145 639 1305 689 explere
1328 638 1526 691 dicuntur,
1557 640 1715 679 duobus
1734 641 1821 679 red-

334 708 485 747 duntur
514 708 768 758 imperfectis.
827 709 945 758 Soph.
975 708 1076 746 Phil.
1108 710 1213 747 1271

593 773 800 821 τοιοῦτος
830 762 951 827 ἦσθα
980 779 1074 820 τοῖς
1103 767 1286 825 λόγοισι,
1314 766 1429 825 χῶτε
1458 787 1545 826 μου

595 836 650 881 τὰ
679 832 772 891 τόξ’
793 836 1017 891 ἔκλεπτες,
1046 835 1215 891 πιστός,
1245 832 1405 895 ἆτηρός
1436 835 1600 904 λάθρᾳ..

449 907 493 951 (l.
535 913 703 962 Magnas
737 913 869 950 autem
905 911 1171 962 grammaticis
1211 911 1250 949 in
1289 910 1525 968 explicando
1569 911 1822 952 difficultates

333 982 547 1020 verborum
577 981 728 1030 aliquot
757 980 993 1030 imperfecta
1021 982 1253 1030 moverunt,
1288 980 1431 1030 quibus
1460 979 1618 1019 iubenda·
1644 984 1714 1021 aut
1741 992 1822 1020 mo-

333 1051 449 1088 vendi
476 1050 544 1088 vel
567 1050 858 1097 proficiscendi
885 1051 1064 1099 potestas
1092 1049 1213 1100 inest,
1253 1051 1298 1087 ut
1327 1048 1367 1086 in
1398 1041 1596 1087 κελεύειν
1631 1045 1822 1101 πέμπειν

333 1115 521 1171 βοηθεῖν
550 1115 682 1155 πλεῖν
722 1106 855 1168 ἄγειν.
917 1116 1028 1165 Quae
1064 1117 1300 1156 aoristorum
1337 1128 1455 1167 saepe
1485 1116 1613 1156 locum
1644 1117 1820 1157 obtinere

333 1187 532 1226 videntur.
587 1199 623 1224 v.
653 1185 931 1237 Schmidtium,
975 1186 1047 1224 der
1077 1185 1227 1234 yriech.
1259 1186 1352 1223 Aor.
1382 1198 1420 1236 p.
1451 1187 1523 1236 123
1563 1186 1822 1226 Kuehnerum

334 1255 359 1298 §
390 1256 481 1294 383.

446 1322 491 1359 In
523 1333 601 1371 quo
632 1321 710 1359 duo
741 1320 1066 1371 imperfectorum
1086 1333 1234 1371 genera
1262 1322 1366 1359 inter
1394 1333 1437 1359 86
1468 1321 1626 1361 diversa
1653 1322 1820 1362 confusa

334 1402 420 1430 esse
458 1391 568 1441 puto.
625 1388 689 1428 Ad
719 1389 889 1428 alterum
930 1401 1058 1440 genus
1089 1401 1137 1428 ea
1165 1387 1312 1440 refero,
1342 1388 1486 1438 quibus
1516 1402 1594 1429 non
1625 1390 1728 1429 actio
1759 1402 1819 1429 so-

333 1458 413 1496 lum
455 1457 525 1496 sed
566 1457 716 1496 durans
771 1458 889 1496 simul
931 1458 1001 1507 qui
1043 1470 1127 1495 eam
1175 1457 1354 1506 sequitur
1401 1460 1527 1496 status
1564 1458 1820 1508 significatur.

333 1526 542 1565 Pertinent
582 1525 660 1564 huc
699 1525 823 1564 verba
863 1523 1020 1563 iubendi
1058 1525 1203 1563 orandi
1238 1525 1440 1564 suadendi.
1507 1526 1608 1565 Nam
1651 1527 1683 1565 si
1725 1527 1818 1578 quid

331 1593 504 1644 aliquem
535 1593 651 1631 iubeo
681 1593 748 1630 vel
779 1605 863 1643 oro,
893 1605 1015 1642 quum
1045 1593 1085 1630 in
1114 1592 1160 1630 iis
1192 1604 1294 1641 quae
1329 1595 1472 1642 postea
1513 1596 1607 1643 agat
1642 1597 1686 1633 ut
1714 1595 1820 1634 dicto

333 1662 523 1702 obediens
553 1662 604 1701 sit
632 1664 784 1713 petam,
824 1660 970 1699 durare
1000 1660 1149 1699 iussum
1178 1658 1358 1712 fingitur,
1398 1660 1504 1700 unde
1542 1661 1703 1702 iubendi
1732 1674 1819 1702 ver-

331 1730 425 1769 bum
456 1729 677 1780 praesentis
706 1729 772 1767 vel
801 1728 1026 1779 imperfecti
1056 1728 1220 1767 formam
1249 1741 1369 1778 saepe
1399 1730 1560 1780 recepit.
1618 1730 1718 1770 Sunt
1746 1731 1818 1781 igi-

333 1801 401 1837 tur
430 1798 532 1837 haec
561 1797 795 1848 imperfecta
825 1796 1001 1835 eiusdem
1029 1796 1148 1847 plane
1178 1797 1353 1848 generis,
1381 1796 1495 1836 cuius
1524 1791 1673 1836 ἔλειπε
1702 1797 1821 1850 Soph.

332 1867 477 1905 Trach.
508 1868 582 1917 763
611 1866 657 1904 Il.
687 1867 725 1917 2,
758 1867 851 1916 106,
881 1867 921 1903 et
951 1859 1077 1902 δίδου
1107 1876 1195 1903 6886
1225 1865 1407 1904 diximus.

445 1935 561 1973 Alius
590 1936 684 1973 sunt
712 1934 837 1973 verba
860 1934 1160 1983 proficiscendi,
1190 1935 1233 1972 ut
1260 1930 1450 1985 βοηθεῖν
1480 1928 1549 1984 (zu
1575 1933 1681 1982 Hilfe
1704 1929 1820 1987 enen)
1896 1925 1901 1928 ¹

331 2001 460 2041 πλεῖν
497 1992 632 2054 ἄγειν.
691 2002 820 2041 Τ11116.·
855 2002 922 2052 IV,
960 2002 1013 2039 44
1045 1993 1283 2051 κονιορτὸν
1325 1996 1373 2038 δὲ
1413 1992 1473 2047 ὡς
1503 1993 1625 2039 εἶδον
1655 1998 1730 2039 καὶ
1760 1994 1821 2048 ὡς

331 2065 546 2121 ἔγνωσαν,
575 2059 804 2122 ἐβοήθουν
833 2058 979 2114 εὐθύς.
1041 2068 1191 2116 Quibus
1211 2068 1456 2118 imperfectis
1477 2068 1625 2109 durans
1646 2070 1849 2122 necdum,

331 2138 515 2178 absoluta
544 2138 647 2177 actio
678 2136 935 2189 significatur.
993 2136 1186 2186 Proponit
1214 2136 1337 2187 igitur
1356 2136 1611 2187 Thucydides
1641 2148 1708 2176 eos
1738 2138 1820 2189 qui,

332 2219 453 2259 quum
483 2206 534 2245 ad
564 2205 754 2245 auxilium
783 2204 992 2244 ferendum
1022 2204 1189 2254 profecti
1220 2206 1316 2256 sint,
1354 2205 1394 2243 in
1423 2205 1509 2255 ipso
1538 2204 1671 2243 adhuc
1701 2200 1816 2244 occd-

330 2277 414 2328 pati
456 2276 536 2352 sint
563 2274 859 2326 progrediendo
901 2273 966 2313 vel
1008 2273 1188 2312 auxiliari
1226 2273 1422 2314 studeant.
1480 2273 1610 2324 Quum
1640 2274 1744 2314 enim
1773 2286 1821 2314 ea

331 2414 399 2464 qui
429 2413 613 2452 auxiliari
644 2412 777 2451 studet
818 2408 1036 2463 (βοηθεῖν)
1067 2411 1256 2450 auxilium
1296 2410 1404 2452 ferre
1437 2405 1706 2463 (βοηθῆσαι),
1748 2411 1815 2451 vel

331 2481 400 2532 qui
429 2481 470 2520 in
501 2482 631 2520 locum
661 2480 831 2531 aliquem
862 2479 957 2518 navi
978 2478 1182 2517 contendit
1202 2475 1362 2530 (πλεῖν)
1384 2491 1431 2519 60
1462 2491 1542 2529 quo
1563 2479 1662 2530 petit
1681 2480 1820 2531 appel-

331 2550 414 2588 lere
427 2544 652 2601 (πλεῦσαι)
673 2549 843 2599 dicatur,
863 2546 1150 2598 imperfectum,
1171 2559 1249 2597 quo
1273 2548 1332 2587 rei
1354 2550 1532 2599 conatus,
1556 2560 1675 2599 quam
1697 2547 1819 2587 aoris-

330 2620 426 2671 tum‚
454 2629 534 2668 quo
565 2617 729 2657 effectus
759 2615 1004 2667 continetur,
1039 2625 1187 2664 ponere
1218 2615 1456 2667 maluerunt,
1485 2627 1607 2667 quum
1636 2617 1821 2667 suscepta

331 2684 492 2733 quidem
531 2696 606 2723 nec
644 2684 827 2735 perfecta
867 2687 1001 2722 tamen
1041 2694 1105 2722 res
1145 2684 1402 2733 exprimenda
1440 2686 1554 2723 esset.
1611 2685 1685 2723 Est
1723 2696 1819 2724 sane

331 2752 393 2792 his
423 2752 522 2793 locis
553 2752 690 2793 aoristi
720 2763 902 2805 quoque,
943 2763 1022 2802 quo
1063 2764 1142 2790 non
1185 2749 1288 2790 effici
1328 2751 1457 2791 solum
1485 2764 1569 2792 rem
1598 2751 1670 2791 sed
1699 2751 1819 2793 etiam

330 2821 481 2874 suscipi
510 2834 597 2860 eam
626 2821 795 2860 indicari
825 2820 953 2871 possit
983 2832 1091 2870 usus,
1121 2822 1165 2859 ut
1194 2821 1393 2870 quomodo
1423 2825 1580 2872 φυγεῖν
1599 2822 1748 2861 aoristo
1779 2825 1819 2863 et
