2046 3272
1007 161 1290 200 -16—

405 270 446 308 in
485 283 680 321 praesens
720 274 878 322 tempus
918 274 1114 326 refertur,
1155 277 1290 314 a01isti
1330 277 1408 314 vim
1448 278 1624 327 recipere
1663 280 1815 329 potest,
1855 282 1901 318 ut

405 338 505 377 Plat.
546 339 664 390 Apol
695 342 772 379 372⁴
811 337 1048 393 πέπεισμαι
1091 336 1180 394 ἐγώ
1217 336 1334 381 ἑκών
1375 335 1487 382 εἶναι
1527 341 1694 398 μηδένα
1729 335 1900 384 ἀδικεῖν
1964 346 1978 351 ”

405 395 681 458 ανθρώπων,
713 398 829 447 ἀλλὰ
859 401 970 461 ὑμᾶς
1001 402 1065 449 οὐ
1096 408 1188 449 πεί
1203 410 1284 449 θω
1315 411 1407 458 (sed
1426 414 1677 461 persuadere
1695 413 1824 453 vobis
1815 424 1914 471 nes

400 469 534 526 queo),
594 475 728 515 Simile
758 482 813 516 est
843 468 927 516 οὐκ
959 472 1141 517 ἔπειθεν
1162 469 1322 525 αυτούς
1353 480 1622 529 (persuadere
1650 483 1699 520 iis
1726 494 1807 520 non
1820 493 1898 531 po-

403 538 538 594 terat).
598 545 692 584 Vice
723 558 840 585 versa
870 559 992 598 quae,
1033 559 1152 597 quum
1192 559 1264 598 per
1300 548 1464 599 longum
1500 551 1690 600 temporis
1727 551 1897 602 spatium

403 613 567 650 extensa
597 612 692 663 sint,
736 615 960 662 praesentis
991 615 1175 666 formam,
1205 616 1244 653 id
1277 619 1336 654 est
1366 617 1545 657 durantis
1574 619 1741 658 actionis
1770 619 1895 657 notio-

404 690 495 718 nem
525 692 744 730 exposcere
774 681 982 733 videntur,
1024 683 1057 721 si
1096 683 1267 722 absoluti
1307 685 1347 722 et
1387 685 1504 724 unius
1544 685 1732 724 facinoris
1763 677 1895 736 specie

401 748 806 801 comprehenduntur,
835 751 982 789 aoristo
1013 754 1227 800 ponuntur.

513 817 786 868 Reprehendit
816 817 989 871 Curtius,
1019 819 1126 870 quod
1158 832 1260 870 quae
1290 820 1391 861 inter
1412 821 1660 873 singulorum
1682 822 1894 861 verborum

402 885 572 922 aoristos
621 888 661 923 et
705 887 930 935 praesentia
976 888 1151 928 rationes
1201 893 1312 936 sunt,
1364 902 1443 928 non
1490 892 1587 929 satis
1630 891 1892 959 respiciantur

402 954 506 997 (Erl.
537 966 573 992 z.
604 953 785 1002 Schulyr.
816 967 854 1005 p.
889 955 995 999 177).

514 1017 558 1059 (l.
594 1021 695 1061 Sunt
736 1023 884 1072 autem,
932 1023 964 1059 si
1012 1023 1177 1061 formam
1217 1026 1470 1075 respicimus,
1518 1027 1686 1075 duplicis
1732 1026 1891 1079 generis

401 1090 555 1140 aoristi,
590 1103 711 1139 quum
748 1092 818 1128 aut
847 1090 962 1128 radix
1002 1091 1049 1130 iis
1079 1093 1206 1132 subsit
1245 1087 1431 1144 (φυγεῖν,
1471 1088 1624 1144 ιβφυγ),
1667 1096 1736 1133 aut
1774 1092 1890 1132 radix

399 1156 463 1195 vel
493 1157 716 1206 praesentis
746 1157 866 1206 stirps
908 1170 994 1195 cum
1027 1167 1051 1195 σ
1083 1160 1200 1197 litera
1230 1162 1446 1209 composita
1480 1160 1747 1210 (γραφ-σ-αι,
1791 1154 1888 1210 γρά-

400 1231 495 1274 ψαι,
531 1221 710 1276 ιβγραφ).
780 1225 905 1276 Cujus
942 1225 1188 1265 formationis
1223 1228 1359 1266 aoristi
1398 1240 1519 1278 quum
1555 1231 1686 1267 aetate
1725 1227 1889 1278 posteri-

399 1304 490 1332 ores
520 1293 610 1344 sint,
639 1305 829 1344 perverso
860 1294 1018 1343 nomine
1048 1299 1242 1333 vocantur
1264 1296 1403 1344 primi.

509 1362 642 1412 Atque
682 1374 804 1412 quum
847 1362 1020 1400 radicem
1055 1363 1191 1401 aoristi
1232 1364 1391 1414 saepius
1434 1376 1553 1413 quam
1589 1365 1813 1414 praesentis
1854 1368 1892 1403 et

397 1430 620 1480 imperfecti
662 1430 828 1469 formam
867 1430 1036 1469 reddere
1075 1431 1298 1482 videamus,
1337 1433 1538 1481 propriam
1570 1432 1706 1471 aoristi
1741 1432 1821 1470 vim
1849 1432 1890 1471 in

398 1498 599 1537 radicibus
635 1498 907 1549 praevaluisse
960 1502 1141 1550 apparet.
1199 1500 1319 1538 Primi
1360 1503 1491 1539 autem
1530 1499 1666 1539 aoristi
1707 1507 1731 1537 6
1775 1500 1890 1538 litera

396 1579 477 1605 non
507 1566 636 1605 minus
667 1578 787 1616 quam
817 1566 942 1605 futuri
972 1567 1146 1606 refertur
1176 1567 1226 1605 ad
1256 1568 1418 1606 verbum
1441 1567 1745 1615 substantivum,
1776 1568 1889 1618 cujus

396 1630 440 1680 ἐς
478 1635 593 1673 radix
623 1637 684 1673 est
713 1629 830 1685 (as).·
864 1635 1046 1686 Curtius,
1085 1637 1157 1674 das
1196 1634 1306 1673 Verb.
1349 1636 1386 1673 d.
1415 1646 1478 1684 qr.
1511 1635 1605 1684 Spr.
1646 1648 1685 1686 p.
1718 1637 1767 1674 17
1809 1635 1887 1674 hoc

395 1702 626 1741 modo'rem
656 1703 830 1752 explicat
857 1701 1085 1749 ,Wdhrend
1112 1697 1216 1740 ἔδον
1245 1704 1280 1741 d.
1310 1705 1336 1741 i.
1367 1704 1532 1742 a-dant
1557 1704 1599 1741 in
1628 1704 1691 1741 die
1710 1703 1886 1752 Sprech-

396 1774 510 1811 weise
550 1773 624 1810 der
661 1772 850 1819 spateren
879 1771 963 1810 Zeit
998 1771 1200 1810 ubersetzt
1239 1775 1317 1809 tum
1355 1771 1494 1810 dantes
1528 1770 1744 1819 bedentete,
1785 1771 1887 1811 hiess

394 1834 596 1878 ἔ-δο-σαν
625 1841 661 1879 d.
690 1841 718 1879 i.
750 1841 957 1878 a-da-sant
987 1843 1066 1877 tum
1095 1840 1232 1877 dantes
1261 1842 1400 1877 eram‘.
1450 1840 1506 1879 Cf.
1537 1840 1626 1891 Erl„
1643 1852 1680 1877 z.
1703 1840 1887 1889 Schulqr.

394 1909 418 1952 ὃ
449 1910 529 1947 267
561 1909 659 1955 ,Der
689 1908 836 1946 Stamm
867 1906 999 1945 λυ-σα
1029 1906 1226 1946 bedeutete
1255 1908 1462 1956 elyentliclz
1492 1908 1598 1946 lo'sen
1625 1909 1722 1956 sein,
1752 1901 1885 1946 ἔλυσα

398 1976 462 2015 ich
491 1986 579 2015 mar
610 1976 716 2015 lo'sen
745 1976 840 2015 oder
870 1976 1026 2015 leiseud:
1088 1975 1161 2015 Cui
1201 1978 1332 2014 tamen
1361 1976 1581 2015 sententiae
1612 1988 1659 2015 ea
1689 1963 1739 2015 de
1769 1988 1889 2015 causa

394 2057 473 2084 non
512 2057 678 2096 prorsus
708 2045 962 2094 assentimur,
1002 2044 1112 2094 quod
1142 2054 1224 2082 esse
1253 2044 1361 2083 notio
1393 2056 1470 2082 non
1502 2044 1639 2085 aoristi
1670 2044 1739 2084 sed
1769 2056 1884 2095 prae-

393 2113 516 2153 sentis
558 2115 598 2152 et
637 2112 860 2164 imperfecti
900 2116 971 2152 est.
1030 2112 1180 2152 Aoristi
1214 2115 1344 2152 autem
1374 2116 1413 2151 et
1445 2114 1667 2164 praesentis
1703 2113 1884 2152 notiones

392 2193 515 2232 quum
545 2182 641 2233 ipsis
671 2181 1015 2232 distinguerentur
1044 2180 1194 2232 formis,
1222 2193 1302 2219 non
1329 2180 1494 2220 eandem
1523 2182 1720 2232 principio
1750 2181 1885 2220 aoristi

391 2250 507 2301 primi
537 2263 656 2301 quam
692 2250 914 2301 praesentis
943 2250 1024 2288 vim
1060 2249 1182 2288 fuisse
1212 2248 1422 2289 verisimile
1452 2252 1522 2289 est.
1581 2249 1786 2299 Pfuhlius,
1815 2244 1882 2300 qui

391 2319 557 2357 multum
588 2320 628 2358 in
659 2319 907 2369 exquirenda
936 2318 1072 2357 aoristi
1103 2318 1144 2356 vi
1172 2320 1353 2366 versatus
1384 2320 1454 2370 est,
1482 2319 1583 2358 haec
1615 2317 1710 2357 dicit
1740 2319 1792 2368 (p.
1816 2317 1884 2366 13)

390 2387 479 2439 ,Die
508 2387 725 2435 Amalune,
754 2388 847 2426 dass
875 2387 963 2426 hier
994 2387 1057 2425 die
1086 2384 1210 2424 blosse
1250 2385 1410 2425 Wurzel
1448 2396 1493 2424 as
1524 2386 1671 2432 (es-se)
1701 2387 1771 2425 mit
1799 2387 1885 2425 dem

404 2456 706 2496 Verbalstamme
734 2456 989 2495 vermachsen
1017 2457 1092 2506 sei,
1120 2453 1319 2494 erscleemt
1345 2455 1456 2494 nicht
1480 2455 1803 2505 yerechtfertiyt,
1832 2455 1885 2495 da

392 2525 465 2564 der
494 2526 629 2565 Aorist
656 2526 731 2564 den
760 2526 922 2574 Beyn'ff
943 2525 1011 2563 des
1042 2524 1247 2570 Selenden,
1277 2523 1543 2563 Bestehenden
1571 2524 1682 2562 nicht
1709 2524 1885 2564 enthdltf

389 2594 471 2632 Aut
505 2594 624 2644 igitur
659 2594 715 2633 ita
743 2593 997 2633 statuendum
1028 2595 1108 2644 est,
1147 2594 1209 2643 ut,
1250 2604 1372 2642 quum
1402 2604 1504 2643 quae
1535 2600 1560 2631 6
1589 2592 1730 2632 literae
1757 2587 1891 2646 '‘origo*

389 2665 494 2701 esset
540 2675 590 2701 ex
636 2662 824 2701 memoria
873 2661 1120 2712 loquentium
1169 2660 1391 2712 excidisset,
1440 2661 1517 2699 iam
1563 2661 1727 2712 propria
1763 2661 1882 2711 signi-

388 2730 534 2769 ficandi
556 2732 617 2770 vis
638 2732 945 2770 commutaretur
965 2731 1006 2769 in
1033 2742 1119 2769 eam
1132 2758 1143 2780 ‚
1175 2741 1276 2779 quae
1306 2729 1468 2768 secundi
1488 2729 1625 2768 aoristi
1644 2731 1882 2779 potestatem

388 2799 652 2852 adaequaret,
691 2801 761 2839 aut
796 2811 933 2839 eorum
967 2796 1237 2850 praeferenda
1277 2800 1337 2836 est
1366 2797 1586 2850 sententia,
1628 2798 1719 2851 qui,
1757 2810 1881 2849 quum

1824 3202 1828 3207 ..
1921 3169 1925 3172 ι
1939 3189 1945 3194 ”
2016 3167 2046 3216 ¹⁵2)

1792 3226 1796 3235 ι
1889 3236 1892 3238 μ
1903 3220 1906 3224 ’
1943 3220 1957 3239 J'
1977 3236 1983 3241 ·
1995 3221 2004 3235 l
2034 3224 2037 3231 ¹

1750 3265 1757 3272 a
1817 3238 1821 3244 ι
1835 3242 1837 3244 -
1874 3241 1908 3270 '23⁴¹-
1924 3228 2046 3272 :inei—J*
