2046 3272
852 129 1136 176 mss-.-

256 253 421 298 eandem
450 254 491 293 in
521 254 666 308 aoristo
697 266 814 304 quam
849 254 890 293 in
918 252 1051 293 futuro
1081 253 1279 293 formandi
1319 253 1513 293 rationem
1548 253 1737 303 statuant,

257 322 465 364 ostiliteram
494 321 546 361 ad
576 322 782 372 antiquum
811 321 924 361 verbi
953 320 1188 361 substantivi
1217 322 1448 361 aoristum
1477 322 1680 361 revocant.

370 389 460 438 Qua
489 390 723 441 quaestione
752 391 792 429 in
823 389 951 430 medio
980 390 1120 429 relicta
1148 389 1190 428 id
1219 389 1335 429 modo
1363 392 1568 431 teneamus
1597 400 1737 428 secun-

202 486 203 491 η
260 459 354 498 dum
385 460 426 497 et
452 459 621 508 primum
650 459 840 498 aoristum
868 470 943 497 usu
972 470 1052 497 non
1082 470 1169 498 esse
1198 458 1414 498 distinctos.

369 526 597 565 Praesentis
627 530 759 566 autem
789 527 908 577 stirps
937 527 993 565 ita
1020 526 1257 577 plerumque
1276 526 1530 579 formabatur,
1558 529 1604 566 ut
1622 526 1738 566 radix

257 595 392 644 aliquo
422 590 538 633 modo
568 595 879 645 amplificaretur
918 593 1529 644 ssPraaeem-Ermeiterunyen‘),
1558 607 1639 646 quo
1668 596 1739 633 aut

219 659 224 664 “
257 661 435 700 durantis
465 662 629 701 actionis
658 663 723 700 vel
751 664 878 701 status
906 663 1057 712 species
1085 662 1317 702 redderetur
1337 662 1441 714 (φυγ
1460 655 1627 714 φεύγω,
1658 659 1738 699 λιπ

258 726 413 778 λείπω)
443 733 512 769 aut
541 731 725 781 propriae
754 734 962 781 praeterea
990 731 1232 770 adderentur
1259 732 1452 782 notiones,
1480 735 1523 770 ut
1551 743 1737 782 praesen-

258 800 332 851 tia,
372 798 518 849 quibus
548 800 562 837 i
595 799 710 838 litera
738 800 859 851 inest,
900 799 1018 838 eundi
1054 799 1094 838 id
1133 801 1193 839 est
1232 800 1418 839 versandi
1445 800 1487 838 in
1515 799 1651 848 aliqua
1679 809 1737 847 re,

262 878 429 918 quarum
453 880 548 907 vero
581 876 635 906 σκ
665 871 797 907 notam
826 880 912 908 esse
942 868 1133 918 videmus,
1162 869 1238 906 nisi
1257 868 1444 907 iterativa
1473 869 1557 906 eius
1585 868 1646 906 vis
1667 870 1740 918 est,

258 934 548 986 progredientis
584 935 748 975 actionis
777 936 842 975 vel
871 936 956 976 eius
994 947 1096 987 quae
1127 935 1177 975 ad
1204 934 1322 975 finem
1350 936 1522 987 aliquem
1551 934 1735 986 perducit

260 1003 584 1052 significationem
615 1005 810 1043 exhibent.
869 1007 902 1041 Α
932 1007 1063 1042 autem
1093 1004 1253 1054 vocalis,
1282 1015 1403 1052 quum
1439 1016 1518 1041 non
1539 1004 1740 1053 praesenti

261 1070 399 1122 solum,
438 1070 509 1110 sed
537 1072 682 1112 aoristo
724 1072 839 1111 etiam
870 1069 1005 1111 addita
1034 1072 1084 1112 sit
1113 1064 1354 1119 (ἔ-λι-π-ον,
1394 1071 1618 1123 a-lip-a-m),
1650 1083 1740 1122 pro-

262 1139 388 1188 priam
417 1139 636 1188 praesentis
665 1141 743 1177 vim
773 1141 950 1178 effecisse
980 1152 1061 1177 non
1099 1138 1257 1176 videtur
1286 1137 1647 1185 (,stammbildendes
1676 1137 1743 1188 a‘),

261 1207 305 1245 ut
332 1206 373 1244 in
402 1206 449 1245 iis
478 1207 766 1258 praesentibus,
795 1207 938 1258 quibus
969 1206 1079 1246 nulla
1107 1207 1203 1245 nota
1222 1205 1300 1245 alia
1328 1208 1400 1258 est,
1439 1206 1515 1246 nisi
1545 1205 1652 1257 quod
1682 1219 1742 1245 ra-

261 1273 338 1312 dici
368 1284 394 1311 a
422 1275 520 1313 illud
550 1276 774 1325 appositum
804 1278 875 1326 est,
904 1275 979 1326 ipsi
1009 1274 1134 1313 radici
1161 1274 1383 1325 praesentis
1413 1275 1490 1313 vim
1511 1274 1742 1314 attributam

261 1353 348 1381 esse
376 1345 572 1393 putemus.

372 1412 515 1462 Neque
544 1412 685 1451 mirum
715 1415 786 1463 est,
816 1412 923 1462 quod
952 1413 1089 1463 lingua
1116 1411 1157 1451 in
1187 1410 1424 1463 quibusdam
1452 1411 1586 1450 verbis
1606 1411 1742 1450 aoristi

262 1482 301 1517 et
340 1480 561 1529 praesentis
600 1480 782 1519 notiones
822 1492 902 1519 non
938 1479 1134 1531 distinxit,
1182 1482 1226 1519 ut
1264 1492 1311 1519 ea
1350 1491 1454 1529 quae
1490 1491 1571 1518 una
1605 1479 1744 1518 aderat

261 1545 388 1585 forma
427 1549 636 1598 utramque
683 1548 1022 1597 complecteretur.
1093 1548 1215 1599 Cujus
1260 1547 1419 1599 generis
1467 1550 1561 1586 sunt
1604 1541 1742 1597 ἔφατο

262 1607 390 1652 ἔκλυε
420 1613 665 1665 imperfecta,
695 1608 770 1653 ἔδυ
801 1615 973 1654 aoristus
1002 1609 1059 1665 (V.
1070 1614 1361 1665 Thierschium‚
1377 1626 1440 1664 qr.
1462 1615 1531 1653 Gr.
1546 1613 1743 1666 §290,7).

262 1681 350 1730 Qua
388 1683 429 1720 in
467 1695 511 1721 re
549 1683 793 1733 grammatici
823 1694 943 1732 saepe
982 1685 1270 1734 peccaverunt,
1310 1694 1433 1733 quum
1467 1681 1744 1732 imperfectum

260 1760 333 1799 pro
376 1749 511 1788 aoristi
563 1749 778 1789 indicativo
822 1749 1005 1801 usurpari
1045 1749 1244 1789 docerent.
1312 1750 1413 1791 Sunt
1461 1750 1595 1801 potius
1644 1750 1743 1789 anti·

262 1817 472 1865 quissimae
511 1818 652 1856 aetatis
680 1817 923 1868 testimonia,
963 1829 1044 1868 qua
1071 1818 1206 1856 aoristi
1235 1820 1275 1857 et
1302 1818 1523 1869 praesentis
1562 1817 1745 1857 notiones

262 1877 400 1924 eadem
438 1886 762 1936 concipiebantur
801 1885 947 1925 radicis
981 1885 1118 1925 forma.
1176 1885 1302 1935 Quem
1339 1889 1472 1925 tamen
1512 1898 1627 1925 usum
1668 1886 1746 1926 alia

262 1953 456 1992 nonnulla
483 1954 710 2005 praeterita,
739 1956 784 1992 ut
813 1947 949 2003 ἕζετο,
978 1957 1116 1994 secuta
1143 1956 1246 1993 sunt.

379 2007 419 2062 e.
449 2023 536 2062 Nec
566 2024 698 2062 tamen
739 2023 855 2073 primi
884 2024 925 2062 et
964 2023 1129 2062 secundi
1157 2023 1294 2062 aoristi
1323 2022 1459 2062 eadem
1486 2034 1649 2073 prorsus
1668 2035 1745 2062 na-

263 2092 354 2129 tura
383 2093 454 2130 est.
510 2090 659 2130 Aoristi
698 2091 801 2130 enim
829 2091 929 2143 vim,
966 2091 1000 2130 si
1030 2104 1119 2131 cum
1156 2090 1378 2142 praesentis
1416 2092 1612 2141 potestate
1643 2103 1744 2130 com-

266 2161 447 2211 paretur,
488 2171 573 2199 eam
613 2171 699 2199 esse
730 2159 918 2212 diximus,
958 2163 1003 2199 ut
1030 2162 1099 2200 aut
1127 2160 1231 2200 effici
1261 2159 1526 2210 significetur,
1554 2158 1606 2198 ad
1636 2159 1746 2210 quod

262 2228 481 2277 praesentis
509 2227 612 2267 actio
641 2227 791 2279 tendat,
820 2230 889 2267 aut
916 2228 1093 2280 incipere
1121 2228 1241 2280 huJus
1270 2227 1335 2267 vel
1364 2227 1560 2267 actionem
1579 2228 1648 2267 vel
1668 2229 1746 2267 sta-

262 2297 345 2334 tum
381 2297 634 2348 exprimatur.
703 2295 879 2344 Quarum
920 2297 1127 2336 notionum
1166 2309 1289 2348 quum
1326 2296 1586 2347 posteriorem
1623 2296 1748 2336 solam

264 2364 378 2404 verbi
408 2364 647 2403 substantivi
677 2364 846 2403 aoristus
874 2364 1054 2416 recipere
1082 2367 1230 2416 posset,
1256 2366 1300 2403 ut
1319 2374 1401 2403 esse
1429 2364 1606 2413 incipere
1629 2364 1749 2415 signi-

263 2429 414 2485 ficaret,
441 2432 571 2484 ‘primi
613 2433 729 2472 etiam
757 2434 893 2473 aoristi
935 2446 1015 2474 una
1057 2447 1145 2474 cum
1180 2433 1306 2474 forma
1334 2432 1535 2473 notionem
1574 2433 1658 2473 eius
1687 2436 1747 2473 tu*

264 2500 419 2553 lerunt,
459 2504 503 2540 ut
542 2499 798 2548 βασιλεῦσαι
825 2506 934 2541 esset
963 2513 1136 2552 reynare
1164 2503 1341 2551 incipere
1377 2501 1445 2540 vel
1486 2512 1618 2550 reyem
1642 2503 1749 2550 fieri,

264 2561 444 2619 γελάσαι
473 2569 607 2608 ridere
635 2570 813 2618 incipere
840 2570 907 2609 vel
936 2571 1060 2609 risum
1091 2571 1235 2609 tollere.
1293 2570 1426 2621 Atque
1448 2572 1510 2609 est
1535 2582 1631 2610 sane
1650 2570 1750 2610 haec

265 2638 373 2676 notio
402 2628 620 2689 primorum
650 2639 885 2677 aoristorum
914 2639 1089 2689 propria.
1146 2638 1233 2677 Etsi
1270 2639 1373 2677 enim
1412 2651 1460 2677 ea
1497 2650 1617 2689 saepe
1646 2639 1750 2678 inter

267 2706 455 2745 aoristum
486 2706 745 2745 secundum
781 2708 820 2745 et
848 2718 1041 2757 praesens
1070 2707 1171 2747 ratio
1201 2709 1276 2758 est,
1317 2710 1361 2746 ut
1399 2707 1508 2757 quod
1537 2709 1750 2758 praesente

267 2775 498 2824 exprimitur
527 2774 568 2813 id
598 2774 705 2825 quod
735 2775 881 2814 aoristo
912 2775 1086 2814 secundo
1116 2775 1219 2814 inest
1247 2777 1458 2827 sequatur,
1488 2787 1569 2814 non
1587 2774 1752 2827 propria

1457 2851 1476 2886 2

1053 3189 1080 3213 (Ψ
