2046 3272
1693 33 1754 107 „N

1012 169 1070 178 ..-
1133 147 1184 190 18
1241 170 1298 179 -.

409 267 541 305 tamen
576 263 671 305 huic
713 264 963 317 significandi
992 266 1092 305 initii
1122 270 1299 316 potestas
1340 269 1410 306 est.
1469 266 1539 307 Oui
1570 260 1682 306 ἰδεῖν
1711 268 1751 307 et
1781 269 1902 318 σχεῖν

410 335 549 373 aoristi
577 347 657 373 non
686 336 936 385 repugnant3
982 336 1043 374 est
1073 335 1177 373 enim
1208 331 1318 373 ἰδεῖν
1348 348 1427 375 non
1456 336 1590 375 videre
1619 337 1800 384 incipere
1828 335 1901 375 sed

410 403 653 450 conspicere,
682 402 817 440 oculos
847 402 903 440 ad
929 402 1084 449 aliquid
1112 403 1323 450 conferre,
1354 414 1485 453 neque
1518 408 1638 453 σχεῖν
1665 403 1812 442 habere
1840 405 1901 441 in-

411 471 545 518 cipere
574 470 644 508 sed
672 470 884 518 eraree‘fen.
944 469 1062 517 Quod
1081 470 1187 508 inter
1217 471 1433 509 secundum
1463 474 1502 510 et
1521 472 1690 521 primum
1710 456 1904 511 aoristuni

411 538 622 578 discrimen
645 537 729 588 jam
760 537 945 577 Pfuhlius
975 538 1129 577 notavit
1158 536 1212 589 (p.
1245 534 1329 591 12).

523 606 601 644 Sed
651 618 771 655 quum
820 607 956 645 aoristi
1006 607 1047 644 in
1093 618 1264 656 aequum
1317 620 1452 646 omnes
1494 610 1734 646 vocarentur
1772 619 1900 657 usum,

410 674 526 726 primi
555 674 673 714 etiam
705 673 842 714 aoristi
871 675 1030 724 praeter
1059 673 1264 725 propriam
1294 687 1414 727 quam
1446 675 1616 715 diximus
1646 673 1900 726 significatio-

412 755 501 781 nem
523 754 609 780 eam
631 753 789 791 quoque
810 746 1060 792 receperunt,
1090 754 1170 790 qua
1190 743 1295 781 effici
1315 744 1465 793 aliquid
1495 744 1730 793 exprimitur
1751 736 1900 794 (πράτ·

410 820 504 848 τειν
533 807 741 860 bar-ethan,
769 807 934 860 πρᾶξαι
966 804 1196 861 bewirken),
1224 813 1294 849 aut
1314 821 1393 860 qua
1412 812 1495 850 tota
1524 808 1627 849 actio
1645 809 1900 861 comprehen-

411 878 526 917 ditur.
584 878 707 927 Oujus
729 878 959 927 posterioris
979 879 1138 928 generis
1161 878 1235 917 hoc
1256 881 1296 917 et
1316 879 1560 928 exemplum:
1590 871 1632 916 οἱ
1652 870 1901 923 Κύκλωπες

411 940 617 996 λέγονται
648 939 698 984 ἐν
728 941 912 998 Σικελίᾳ
944 941 1117 997 οἰκῆσαι
1147 946 1198 989 (v.
1230 942 1409 984 Curtium
1442 947 1525 984 Erl.
1556 947 1579 989 §
1608 944 1719 996 496),
1748 947 1788 983 ἰιι
1820 958 1899 995 quo

412 1009 586 1064 οἰκῆσαι
606 1014 752 1053 aoristo
774 1026 854 1052 non
874 1014 1133 1063 praeteritum
1162 1016 1317 1064 tempus
1347 1014 1546 1053 indicatur
1574 1034 1631 1040 -
1651 1013 1759 1052 nulla
1791 1013 1897 1052 enim

410 1083 471 1120 est
505 1080 699 1120 infinitivo
740 1082 929 1132 temporis
970 1080 1220 1133 significandi
1257 1082 1317 1121 vis
1346 1102 1403 1108 —-
1433 1082 1502 1121 sed
1543 1081 1745 1120 habitandi
1787 1080 1890 1119 actio

410 1150 528 1189 unius
560 1152 599 1189 et
622 1150 790 1190 absoluti
819 1149 1005 1189 facinoris
1026 1151 1188 1189 notione
1209 1151 1506 1201 comprehensa.
1564 1150 1758 1199 Cyclopes
1788 1149 1891 1188 enim

411 1217 586 1257 Siciliam
616 1230 695 1256 non
725 1219 803 1256 iam
833 1213 1015 1257 hahitare
1045 1218 1353 1268 intelligebatul.

522 1284 655 1333 Atque
685 1284 760 1323 hoc
790 1285 905 1324 etiam
937 1285 1051 1334 primi
1080 1285 1217 1324 aoristi
1249 1285 1454 1335 proprium
1485 1287 1556 1334 est,
1586 1284 1694 1333 quod
1723 1285 1889 1323 effectus

410 1353 474 1392 vel
504 1356 669 1391 eventus
699 1352 806 1392 notio
837 1352 996 1403 saepius
1036 1353 1071 1392 ei
1102 1353 1215 1393 abest
1246 1365 1364 1404 quam
1403 1352 1551 1393 aoristo
1582 1351 1770 1392 secundo.
1828 1351 1896 1391 In-

410 1423 471 1460 est
500 1420 658 1471 quidem
687 1420 728 1460 in
770 1418 935 1472 πρᾶξαι
968 1421 1203 1469 (efficere),
1245 1426 1394 1460 πεῖσαι
1426 1421 1739 1469 (persuadere),
1782 1420 1893 1459 abest

411 1491 542 1530 tamen
583 1489 631 1528 ab
671 1484 866 1541 οἰκῆσαι,
909 1490 942 1529 si
982 1502 1061 1529 non
1091 1491 1313 1537 anst-«edem,
1353 1489 1562 1529 hinzieken
1601 1487 1795 1539 significat
1836 1483 1899 1541 (ut

415 1547 591 1609 ᾤκησεν
621 1552 681 1603 εἰς
715 1549 859 1609 Θήβας
888 1557 1019 1598 Schol.
1039 1559 1133 1596 Eur.
1154 1558 1303 1598 Phoen.
1326 1559 1455 1608 1116;
1486 1557 1533 1596 cf.
1553 1558 1599 1596 11.
1616 1559 1653 1608 2,
1675 1551 1792 1609 668),
1827 1556 1897 1595 sed

411 1625 615 1670 habitandi
646 1628 690 1667 ut
719 1626 774 1666 ita
805 1625 932 1666 dicam
962 1625 1117 1666 facinus
1148 1619 1209 1678 (οἱ
1239 1618 1375 1665 Κύκλ.
1403 1620 1513 1677 κτλ.)
1545 1625 1831 1676 complectitur,
1861 1628 1900 1664 et

409 1707 433 1733 a
463 1686 740 1742 βασιλεύσας,
770 1695 802 1732 si
831 1707 912 1735 non
941 1706 1013 1744 per
1041 1705 1160 1742 quum
1190 1705 1266 1732 rex
1290 1695 1426 1742 factus·
1448 1698 1558 1740 esset,
1589 1693 1660 1733 sed
1690 1705 1765 1744 per
1786 1697 1896 1742 post-

409 1773 526 1810 quam
556 1763 743 1811 reanavit
769 1762 1004 1803 vertendum
1035 1764 1107 1801 est.

520 1825 555 1871 f·
615 1829 696 1871 Alii
727 1841 829 1879 quae
860 1830 909 1870 de
940 1830 1079 1877 aoristi
1109 1832 1250 1869 natura
1279 1829 1486 1867 docuerint
1522 1829 1598 1867 hoc
1629 1829 1716 1867 loco
1745 1828 1899 1872 referre

407 1900 572 1948 longum
604 1901 673 1937 est.
732 1898 841 1938 Inter
870 1899 1115 1938 recentiores
1145 1897 1324 1938 Curtium
1362 1897 1551 1947 imprimis
1592 1896 1641 1936 de
1676 1899 1897 1948 temporum

409 1968 553 2004 natura
581 1968 689 2003 recte
726 1965 962 2014 explicanda
992 1966 1175 2004 meritum
1212 1976 1302 2006 esse
1337 1975 1459 2014 supra
1489 1964 1668 2002 diximus.
1725 1965 1811 2002 Nec
1840 1967 1897 2002 ta-

410 2045 498 2073 men
529 2033 886 2084 comprobaverim‚
915 2034 1023 2083 quod
1053 2037 1142 2072 'cum
1171 2033 1382 2082 Kruegero
1411 2032 1613 2082 propriam
1641 2033 1801 2071 ineundi
1828 2045 1897 2071 no-

408 2101 556 2143 tionem
595 2101 743 2152 ubique
783 2101 931 2142 aoristo
973 2101 1102 2145 inesse
1144 2101 1210 2141 ait.
1267 2100 1375 2140 Bene
1405 2099 1507 2139 enim
1537 2111 1658 2150 quum
1699 2099 1898 2151 duplicem

408 2170 545 2209 aoristi
585 2182 701 2213 usum
742 2170 968 2214 distinxerit
1009 2164 1065 2221 (v.
1087 2170 1174 2211 Erl.
1198 2181 1282 2222 cap.
1305 2163 1397 2220 20),
1444 2168 1612 2208 alterum
1653 2181 1770 2219 quem
1809 2170 1897 2217 ‚den

407 2240 647 2287 inaressiven
671 2238 879 2280 Gebrauch
902 2239 969 2279 des
989 2236 1178 2278 Aoristes‘
1199 2234 1478 2285 (βασιλεῦσαι
1507 2247 1679 2286 reynare
1706 2238 1896 2286 incipere,

408 2317 541 2355 reyem
566 2307 701 2354 fieri),
731 2307 899 2349 alterum
930 2319 1049 2357 quem
1077 2307 1168 2354 ,den
1196 2306 1398 2355 effectiven
1431 2304 1653 2345 Gebrauck‘
1681 2306 1898 2345 nominavit

409 2374 434 2419 (
435 2372 598 2425 πρᾶξαι
628 2376 808 2424 efficere,
837 2368 1052 2426 πράττειν
1081 2373 1319 2420 betreiben),
1348 2386 1427 2413 non
1457 2376 1549 2423 apte
1576 2376 1708 2413 tamen
1737 2373 1898 2413 videtur

410 2442 516 2482 hunc
547 2442 811 2493 posteriorem
840 2442 891 2482 ad
922 2442 1096 2484 ineuntis
1126 2442 1292 2483 actionis
1322 2441 1520 2481 notionem
1549 2441 1743 2480 retulisse,

522 2512 567 2550 E.
588 2511 799 2562 Mollerus,
828 2511 900 2550 der
927 2522 1056 2559 ynom.
1076 2511 1192 2558 Aor„
1222 2511 1308 2561 ipse
1339 2522 1500 2560 quoque
1528 2510 1732 2560 propriam
1761 2510 1897 2550 aoristi

409 2578 739 2628 significationem
787 2579 838 2623 ad
887 2579 1076 2630 temporis
1123 2579 1326 2620 notionem
1367 2578 1524 2622 omnino
1574 2590 1654 2617 non
1695 2578 1896 2628 pertinere

410 2647 622 2693 contendit.
681 2647 789 2687 Dicit
818 2647 921 2691 enim
951 2648 1050 2691 haec
1078 2647 1175 2697 ,Der
1196 2647 1331 2687 Aorist
1358 2648 1409 2688 ist
1425 2646 1517 2687 leem
1540 2645 1719 2695 Tempus,
1748 2657 1793 2685 er
1813 2649 1896 2686 ent-

408 2715 494 2753 halt
521 2717 584 2755 die
613 2717 877 2765 Bestimmuny
906 2717 978 2757 der
1008 2720 1297 2762 momentanen,
1333 2717 1405 2756 der
1433 2715 1688 2756 schlechthin
1704 2716 1897 2755 vollende-

411 2786 489 2830 ten,
530 2785 601 2822 der
642 2786 683 2822 in
720 2786 842 2824 elnem
877 2785 1140 2833 unqetkec’lten
1171 2784 1355 2824 Benkact
1387 2784 1448 2822 als
1482 2782 1777 2835 abaeschlossm
1805 2794 1896 2823 vor-
