2046 3272
878 175 1133 215 -4—

262 291 398 332 ficatio
421 291 536 344 absit,
565 290 782 331 indicativo
812 292 1016 343 proprium
1038 294 1108 331 est.
1165 282 1394 331 Praesentis
1422 291 1612 342 temporis
1641 292 1755 332 nulla

263 363 324 399 est
352 362 450 398 nota
479 360 558 397 alia
586 359 671 398 nisi'
693 360 804 409 quod
825 362 1081 410 augmentum
1109 359 1229 397 abest.
1288 359 1418 407 Quum
1443 360 1546 398 enim
1574 360 1754 410 loquenti

261 428 313 468 sit
340 427 581 479 proximum,
621 427 732 467 nullo
762 427 847 467 eius
877 427 1039 478 proprio
1080 427 1194 477 signo
1232 438 1333 478 opus
1364 427 1448 466 fuit.
1506 427 1590 466 Nec
1619 430 1751 467 tamen

260 496 410 545 reliqui
428 497 589 545 praeter
618 495 876 533 indicativum
907 495 1030 545 modi,
1059 496 1131 533 etsi
1151 497 1362 544 augmento
1385 498 1538 545 carent,
1566 507 1752 544 praesen—

262 563 314 603 tis
344 562 537 614 temporis
566 562 769 602 notionem
800 575 846 602 ea
875 571 923 602 ex
952 574 996 601 re
1020 562 1205 601 tulerunt.
1262 562 1489 601 Praesentis
1507 562 1630 613 igitur
1657 565 1752 602 tem·

261 631 373 683 poris
404 634 498 671 sunt
527 631 732 670 indicativi
767 631 987 682 praesentis
1017 622 1229 681 (γράφω),
1257 630 1381 668 futuri
1410 623 1627 682 (γράψω),
1663 643 1751 681 per-

186 697 192 703 ’
264 700 359 738 fecti
401 694 656 750 (γέγραφα),
706 699 915 749 praeteriti
955 699 1143 749 temporis
1192 698 1465 748 imperfectum
1506 692 1754 752 (ἔγραφον),

260 766 698 819 plusquamperfectum
735 758 1048 819 (ἐγεγράφειν),
1086 765 1323 805 indicativus
1364 766 1501 806 aoristi
1531 760 1751 819 (ἔγραψα).

373 833 417 874 b.
476 835 659 874 Alterum
690 838 752 874 est
780 847 930 886 genus,
969 838 1013 873 ut
1042 835 1207 873 subiecti
1244 835 1358 873 simul
1395 838 1522 874 status
1551 848 1632 874 una
1661 849 1750 875 cum

262 904 375 943 verbi
405 903 561 943 actione
590 903 647 942 ita
676 902 936 955 significetur,
964 903 1142 954 utactio,
1171 903 1202 942 si
1234 915 1282 942 ex
1303 902 1477 942 subiecti
1506 902 1613 942 illius
1644 905 1749 942 statu

259 971 478 1022 iudicatur,
512 974 647 1010 utrum
677 972 897 1021 praeterita
925 983 975 1009 an
1005 971 1140 1009 futura
1169 971 1220 1009 sit
1255 971 1461 1009 indicetur.
1520 972 1631 1020 Quae
1661 985 1749 1022 per-

259 1039 354 1078 fecti
385 1033 688 1090 (γεγραφέναι)
719 1042 760 1078 et
789 1038 914 1077 futuri
944 1031 1166 1090 (γράψειν)
1196 1040 1372 1088 potestas
1408 1040 1580 1078 omnium
1617 1039 1749 1078 modo-

259 1120 349 1146 rum
379 1110 451 1145 est.
509 1106 716 1157 Significat
755 1107 858 1146 enim
902 1103 1163 1158 γεγραφέναι
1204 1107 1426 1157 perfeetum
1468 1108 1552 1147 eius
1591 1107 1749 1146 omnino

260 1177 406 1214 statum
438 1174 506 1225 qui
536 1175 716 1226 scripsit,
757 1167 945 1225 γράψειν
975 1174 1150 1213 futurum
1191 1176 1275 1214 eius
1306 1175 1374 1225 qui
1405 1175 1565 1226 scribet,
1605 1187 1679 1213 nec
1708 1176 1749 1213 in

260 1256 341 1295 quo
372 1246 553 1294 tempore
582 1243 670 1294 ipse
701 1246 877 1294 ponatur
906 1246 1032 1283 status
1061 1231 1271 1282 indicatur.
1330 1242 1408 1291 Qui
1440 1243 1599 1294 quidem
1630 1243 1662 1282 si
1692 1244 1748 1282 in-

260 1311 435 1350 dicativo
477 1311 706 1361 profertur,
752 1311 974 1361 praesentis
1014 1304 1209 1362 (γράψω,
1252 1306 1488 1363 γέγραφα),
1529 1313 1561 1350 si
1599 1312 1751 1350 accedit

259 1381 516 1431 augmentum
547 1370 855 1430 (ἐγεγράφειν),
883 1379 1091 1430 praeteriti
1121 1379 1309 1430 temporis
1339 1382 1410 1418 est.

372 1448 419 1486 In
451 1459 532 1497 quo
562 1449 696 1486 tamen
727 1447 965 1486 monendum
996 1450 1056 1486 est
1095 1459 1180 1486 esse
1218 1460 1303 1486 eam
1335 1446 1577 1486 coniunctivi
1608 1449 1647 1485 et
1677 1447 1748 1486 'un-

259 1514 432 1565 perativi
462 1514 670 1554 modorum
700 1517 900 1564 naturam,
938 1517 981 1553 ut
1010 1514 1060 1553 ad
1089 1517 1338 1565 praesentem
1373 1514 1520 1566 ubique
1549 1514 1749 1565 loquentis

259 1585 404 1623 statum
443 1582 683 1622 referantur.
742 1582 954 1622 Continent
995 1584 1147 1634 autem,
1186 1582 1218 1621 si
1253 1583 1476 1633 praesentis
1513 1586 1581 1621 aut
1617 1582 1753 1621 aoristi

258 1653 368 1703 sunt,
409 1652 606 1691 actionem
648 1651 843 1702 futuram,
883 1652 915 1690 si
955 1651 1126 1701 perfecti
1156 1654 1267 1702 sunt,
1308 1651 1577 1701 praeteritam.
1635 1650 1752 1689 Unde

259 1731 603 1770 supervacaneum
645 1730 733 1758 esse
774 1721 1018 1769 putaverunt
1062 1718 1200 1758 modos
1244 1719 1334 1758 illos
1383 1719 1561 1759 tribuere
1603 1718 1753 1772 futuro,

258 1800 381 1839 quum
420 1788 493 1838 qui*
520 1787 569 1826 de
604 1789 818 1838 praesente
849 1786 915 1825 vel
950 1787 1073 1825 aorist
1112 1787 1258 1826 aoristo
1299 1786 1547 1826 ducebantur
1588 1787 1751 1827 eandem

256 1856 341 1897 fere
372 1857 608 1896 exhiberent
636 1856 886 1906 potestatem.

371 1932 410 1963 c.
480 1925 625 1963 Futuri
673 1923 796 1974 igitur
845 1923 1035 1973 temporis
1083 1924 1411 1973 significationem
1460 1924 1749 1973 quodammodo

259 2005 345 2033 esse
375 1993 599 2043 neglectam
629 1991 896 2042 intelligimus.
953 1992 1055 2031 Nam
1076 2005 1197 2043 quum
1227 1992 1327 2032 actio
1358 1992 1400 2032 in
1431 1991 1657 2036 indicativis
1682 1995 1751 2034 aut

258 2060 475 2112 praeterito
506 2059 696 2112 tempori,
726 2058 792 2098 ubi
823 2061 1077 2110 augmentum
1108 2062 1184 2111 est,
1224 2062 1293 2099 aut
1321 2060 1545 2112 praesenti,
1574 2061 1640 2099 ubi
1669 2073 1750 2100 non

257 2131 329 2179 est,
358 2129 602 2179 assignetur,
640 2129 797 2167 nullum
837 2131 898 2166 est
937 2128 1125 2167 eiusmodi
1156 2129 1331 2180 signum,
1371 2142 1450 2179 quo
1490 2129 1530 2168 in
1570 2128 1749 2168 futurum

256 2199 412 2249 tempus
442 2195 661 2248 referatur,
703 2194 775 2236 sed
815 2195 870 2235 ita
900 2195 1028 2234 solum
1065 2195 1200 2245 futura
1235 2196 1337 2236 actio
1368 2207 1559 2248 expressa
1588 2199 1667 2248 est,
1706 2200 1750 2236 ut

258 2266 425 2305 subiecti
456 2266 574 2305 simul
603 2268 730 2304 status
762 2264 813 2303 ad
843 2264 1019 2303 futuram
1049 2265 1242 2305 actionem
1263 2268 1462 2316 ‘spectans
1499 2266 1749 2305 contineatur

258 2325 480 2386 (γράψειν,
508 2326 701 2386 γράψω).
762 2324 934 2385 Γράψω
974 2333 1075 2373 enim
1111 2332 1288 2373 futurum
1330 2329 1528 2386 γέγραφα
1567 2333 1747 2385 perfecto

255 2403 490 2455 respondet,
525 2416 665 2454 neque
695 2414 799 2453 quae
830 2395 1003 2452 ἔγραψα
1034 2403 1179 2441 aoristo
1208 2402 1452 2454 respondeat
1489 2402 1615 2442 futuri
1651 2405 1746 2443 tem-

255 2470 365 2522 poris
396 2458 528 2511 forma*
553 2474 626 2511 est.

370 2538 484 2587 Quae
513 2552 577 2578 res
607 2540 664 2578 ita
693 2538 935 2590 explicanda
964 2538 1133 2589 videtur,
1164 2542 1207 2578 ut
1237 2539 1287 2577 ad
1317 2539 1443 2578 futuri
1472 2540 1663 2590 originem
1683 2541 1747 2579 vel

256 2606 530 2648 formationem
561 2607 835 2659 respiciamus.
894 2606 1068 2645 Primum
1108 2606 1211 2645 enim
1251 2609 1454 2647 teneamus
1484 2607 1562 2647 duo
1584 2609 1746 2648 tantum

253 2675 379 2715 fuisse
407 2676 606 2727 principio
636 2680 829 2727 tempora,
858 2674 1041 2725 alterum,
1071 2675 1179 2725 quod
1199 2688 1321 2725 quum
1349 2688 1399 2715 ex
1429 2676 1516 2715 sola
1544 2679 1747 2717 constaret

254 2743 379 2794 stirpe
416 2744 718 2795 pronominibus
757 2742 1037 2795 personalibus
1075 2745 1214 2794 aucta,
1254 2744 1478 2794 praesentis
1523 2755 1629 2799 esse,
1650 2747 1745 2784 tem-

252 2812 362 2867 poris
392 2812 620 2864 duceretur,
650 2813 832 2863 alterum,
861 2811 970 2862 quod
992 2823 1114 2861 quum
1143 2810 1321 2851 additum
1343 2815 1448 2852 esset
1478 2817 1746 2870 augmentum,
