2046 3272
887 123 1169 164 ...21-

290 240 414 282 sentis
462 241 523 279 est
567 239 607 279 in
650 232 887 293 βιβρώσκω
929 231 1188 293 γιγνώσκω,
1238 252 1317 291 quo
1358 239 1538 280 durantis
1578 241 1644 292 vel
1682 253 1773 292 pro-

293 308 510 360 gredientis
540 309 718 361 actionis,
757 310 796 348 in
825 302 1036 361 μορμύρω
1066 301 1271 361 γογγύζω
1300 301 1535 358 παφλάζω,
1567 321 1644 359 quo
1674 311 1773 361 soni,

292 379 346 418 in„
372 373 615 428 παμφαίνω
653 373 899 429 μαρμαίρω,
948 390 1027 429 quo
1067 377 1293 428 splendoris
1335 377 1453 427 longe
1494 377 1693 430 fulgentis,
1732 379 1773 417 in

290 437 467 497 μαιμάω
498 440 733 496 λιλαίομαι,
764 457 842 494 quo
873 446 1071 495 appetitus
1100 446 1256 498 species
1286 445 1477 484 reddatur
1507 440 1562 498 (V.
1583 445 1774 498 Curtium,

295 512 366 562 Tp.
382 523 422 551 u.
444 512 547 551 Mod.
569 525 606 563 p.
625 513 704 552 153
721 507 808 564 sq.).
866 513 1018 553 Aoristi
1048 513 1211 553 secundi
1252 525 1332 552 non
1372 525 1463 552 raro
1493 512 1600 564 apud
1630 514 1773 552 Home-

293 593 379 620 rum
421 582 480 619 est
516 575 747 632 (πεπιθεῖν
778 577 1052 619 λελαθέσθαι
1082 575 1382 633 λελαβέσθαι),
1422 594 1495 620 nec
1533 595 1613 621 non
1652 582 1774 621 tuturi

295 649 336 689 in
365 648 622 700 reduplicatis
653 649 760 700 apud
790 662 879 689 eum
908 649 1061 702 formis,
1101 649 1244 701 quibus
1284 649 1519 701 simplicium
1550 648 1773 690 futurorum

294 716 402 756 notio
423 719 495 755 est.
553 717 629 756 Sed
652 729 771 767 quum
801 717 1004 767 proprium
1024 718 1220 756 exstiterit
1248 718 1289 755 in
1317 717 1506 768 perfectis
1536 720 1575 756 et
1604 718 1645 755 in
1674 717 1774 756 aori-

292 785 362 825 stis
392 784 649 836 reduplicatis
680 785 1004 836 reduplicationis
1034 797 1179 837 genus,
1218 785 1326 836 quod
1365 785 1453 837 ipsa
1481 784 1609 826 forma
1637 785 1685 825 ab
1717 798 1776 838 eo,

291 853 402 892 cuius
431 853 472 891 in
500 853 775 903 praesentibus
814 865 910 893 usus
941 857 1020 905 est,
1061 854 1284 905 seiungitur
1313 847 1570 906 (γιγνώσκω
1598 850 1775 910 μαίμαω

289 914 500 973 μορμύρω
531 943 585 947 ——
623 918 889 974 τεθνηκέναι
928 917 1231 974 λελαβέσθαι),
1270 923 1450 973 sequitur
1492 925 1531 961 et
1572 923 1775 973 propriam

293 993 412 1040 atque
444 992 590 1028 certam
619 989 741 1029 fuisse
770 990 889 1029 huius
925 990 1249 1041 reduplicationis
1289 992 1489 1030 notionem
1531 993 1570 1030 et
1609 991 1774 1030 eandem

291 1058 490 1110 principio
525 1058 648 1098 fuisse
678 1059 815 1098 aoristi
849 1059 1090 1109 reduplicati
1120 1061 1240 1110 atque
1269 1059 1449 1111 perfecti.
1506 1060 1605 1099 Eam
1643 1061 1776 1099 autem

293 1126 354 1166 his
385 1139 629 1166 communem
662 1127 785 1167 fuisse
815 1128 1036 1179 putandum
1066 1131 1126 1168 est
1155 1128 1500 1180 significationem,
1531 1141 1610 1179 qua
1638 1130 1777 1179 postea

294 1195 429 1245 etiam,
469 1207 589 1245 quum
630 1196 707 1233 alia
744 1208 787 1235 re
817 1197 911 1235 satis
942 1196 1126 1235 distincte
1157 1196 1379 1248 differrent,
1419 1196 1617 1246 quandam
1645 1198 1777 1235 tamen

293 1263 464 1302 notionis
502 1255 796 1304 similitudinem
835 1265 1097 1304 retinuerunt.
1154 1264 1288 1315 Atque
1323 1264 1364 1303 id
1394 1276 1488 1303 sane
1518 1263 1707 1315 perfectis
1737 1267 1777 1304 et

291 1331 449 1369 aoristis
478 1330 734 1381 reduplicatis
766 1344 971 1371 commune
1001 1335 1079 1384 est,
1120 1332 1240 1383 quod,
1279 1344 1401 1383 quum
1430 1334 1640 1383 praesente
1670 1332 1774 1372 actio

292 1397 440 1438 durans
469 1399 534 1438 vel
562 1399 823 1450 progrediens
851 1401 1116 1451 proponatur,
1154 1399 1372 1450 perfectam
1402 1398 1628 1451 significant
1656 1399 1774 1439 actio-

294 1478 396 1507 nem.
454 1466 580 1515 Quam
610 1467 756 1507 aoristo
788 1467 903 1506 etiam
932 1467 1078 1519 inesse,
1119 1468 1266 1519 quippe
1307 1480 1386 1518 quo
1426 1467 1647 1508 absolutum
1685 1480 1776 1508 con-

292 1535 467 1575 tineatur
504 1534 675 1587 facinus,
724 1547 846 1587 supra
887 1535 1125 1587 explicatum
1166 1538 1238 1575 est.
1313 1536 1456 1586 Neque
1504 1536 1583 1575 alia
1627 1538 1688 1575 est
1736 1536 1776 1575 in

266 1639 278 1651 ,
293 1603 551 1654 reduplicatis
580 1603 688 1654 apud
718 1604 933 1642 Homerum
962 1603 1106 1642 futuris
1136 1607 1255 1653 atque
1291 1604 1333 1641 in
1363 1591 1520 1643 aoristis
1555 1604 1775 1655 reduplica-

294 1671 412 1710 tionis
442 1673 630 1722 potestas,
660 1683 780 1721 quum
809 1672 872 1710 his
893 1683 1054 1721 quoque
1083 1671 1305 1711 absolutum
1334 1671 1488 1710 facinus
1507 1672 1574 1710 vel
1602 1671 1643 1710 id
1667 1671 1776 1722 quod

294 1739 446 1778 absolvi
475 1737 637 1788 fingitur
659 1741 917 1789 proponatur.
975 1737 1200 1777 Perfectam
1219 1750 1358 1777 verum
1387 1739 1583 1778 actionem
1613 1751 1662 1777 ne
1685 1740 1776 1789 quis

295 1806 460 1847 eandem
490 1817 655 1858 prorsus
685 1817 771 1845 esse
790 1807 905 1857 putet
932 1807 1054 1856 atque
1074 1805 1340 1857 praeteritam.
1397 1806 1624 1846 Posteriore
1645 1808 1776 1845 autem

295 1877 439 1927 aetate,
479 1887 600 1925 quum
629 1874 852 1925 perfectum
882 1877 921 1914 et
950 1874 1119 1914 aoristus
1160 1876 1199 1913 et
1237 1874 1398 1914 notione
1438 1876 1478 1913 et
1507 1873 1633 1914 forma
1661 1887 1776 1914 accu-

295 1947 380 1984 rate
421 1944 524 1984 inter
564 1955 606 1982 se
648 1942 1005 1995 distinguerentur,
1053 1927 1335 1993 reduplicatio'
1364 1941 1566 1994 proprium
1608 1941 1778 1994 perfecti

297 2012 453 2061 signum
482 2010 630 2050 factum
661 2012 721 2050 est
757 2013 795 2050 et
824 2011 872 2050 ab
903 2011 1048 2050 aoristo
1077 2010 1261 2061 recessit,
1300 2012 1361 2061 ut,
1402 2022 1523 2060 quum
1563 2011 1689 2062 multa
1716 2022 1778 2049 re-

297 2078 588 2130 duplicatorum
628 2077 865 2118 aoristorum
906 2078 1088 2129 exempla
1121 2076 1229 2128 apud
1259 2077 1474 2117 Homerum
1508 2077 1776 2129 inveniantur,

296 2159 498 2198 perpauca
537 2146 669 2185 tamen
711 2146 818 2195 apud
857 2146 1099 2195 posteriores
1137 2148 1294 2184 servata
1322 2146 1400 2184 sint
1430 2134 1658 2196 (ἀγαγεῖν).
1716 2146 1778 2184 Ea

298 2217 428 2254 autem
457 2214 625 2265 perfecti
663 2214 771 2253 notio
802 2214 944 2265 evasit,
985 2216 1029 2253 ut
1067 2213 1233 2253 subiecti
1272 2212 1514 2265 significaret
1554 2215 1709 2252 statum.
1736 2213 1778 2251 in

296 2283 477 2335 perfecta
505 2284 661 2323 actione
691 2283 1050 2334 conquiescentem,
1079 2295 1200 2333 quum
1230 2282 1376 2322 aoristo
1406 2294 1556 2320 merum
1576 2282 1782 2320 notaretur

301 2351 456 2391 facinus
485 2351 708 2391 absolutum
740 2346 795 2403 (v.
816 2350 1007 2402 Curtium,
1038 2351 1125 2389 Erl.
1146 2363 1185 2401 p.
1208 2345 1318 2402 102).
1375 2350 1516 2399 Neque
1537 2349 1604 2399 qui
1633 2348 1782 2388 factum

299 2421 361 2473 sit,
390 2422 435 2461 ut
463 2420 724 2472 reduplicatio
753 2419 795 2460 in
824 2419 1002 2471 perfecto
1031 2421 1271 2471 remaneret,
1310 2418 1357 2458 ab
1388 2418 1531 2458 aoristo
1561 2416 1781 2470 recederet,

299 2489 354 2528 ita
383 2489 593 2529 obscurum
624 2491 696 2527 est.
752 2488 928 2528 Primum
958 2488 1062 2527 enim
1097 2487 1223 2527 forma
1251 2487 1490 2538 amplificata
1518 2486 1571 2525 ad
1600 2486 1782 2529 durantis

300 2559 425 2610 magis
454 2558 621 2599 actionis
651 2570 769 2610 quam
808 2557 860 2597 ad
900 2557 1089 2598 facinoris
1131 2556 1238 2608 quod
1283 2557 1427 2596 durare
1469 2567 1550 2595 non
1586 2555 1783 2606 cogitatur

298 2626 625 2678 significationem
666 2628 758 2677 apta
797 2628 877 2677 est;
905 2626 1032 2665 altera
1064 2628 1124 2665 est
1154 2636 1290 2673 causa,
1332 2624 1457 2675 quod,
1498 2635 1622 2673 quum
1663 2624 1783 2662 meris

299 2696 535 2747 plerumque
572 2695 772 2735 radicibus
811 2695 977 2746 propria
1017 2694 1152 2735 aoristi
1192 2694 1267 2734 hoc
1309 2697 1368 2733 est
1396 2691 1567 2732 absoluti
1596 2691 1782 2732 facinoris

300 2752 410 2803 notio
451 2764 580 2803 inesse
619 2765 841 2816 putaretur,
881 2763 1015 2803 aoristi
1051 2762 1230 2814 secundi,
1271 2762 1344 2801 etsi
1384 2761 1490 2800 solas
1530 2760 1786 2800 continebant
