2046 3272
892 126 959 142 .-
1017 88 1185 144 25'-

305 216 374 259 'aut
410 219 562 259 initium
603 219 719 259 modo
760 220 825 259 vel
855 223 1022 260 eventus
1058 221 1222 260 actionis
1253 221 1448 268 (Eintritt)
1488 221 1688 273 perfectus
1728 224 1788 261 est

305 287 372 335 (ut
400 288 441 336 iu
468 283 640 341 γέγηθα
668 289 818 328 laetitia
847 293 989 340 captus
1014 289 1133 337 sum).
1191 290 1231 330 Si
1260 292 1344 330 tota
1371 290 1549 342 perfecta
1578 293 1639 330 est
1672 291 1788 342 actio,

306 357 340 396 is
379 356 495 396 simul
533 359 659 396 status
701 357 878 408 perfecto
919 359 1040 410 inest,
1080 359 1148 409 qui
1187 358 1279 398 inde
1319 359 1496 409 sequitur
1537 358 1597 406 (ut
1637 360 1675 398 in
1717 355 1786 397 κέ-

305 436 464 477 κτημαι
499 427 696 474 possideo,
738 420 899 465 ἔκτονα
928 428 994 466 bin
1025 427 1216 478 Mer-der„
1268 427 1303 465 si
1343 429 1506 466 eventus
1547 428 1662 466 modo
1693 428 1787 466 acti-

306 494 393 532 onis
422 493 625 543 pcrfectus
656 506 742 533 esse
773 495 933 547 dicitur,
969 497 1095 534 status
1124 496 1163 534 in
1195 495 1425 534 continuata
1453 496 1607 534 actione
1635 495 1788 545 positus

305 563 366 600 cst
396 556 454 606 (ut
495 562 536 600 in
567 558 737 614 γέγηθα
767 565 919 609 laetor).
976 564 1128 603 Eadem
1157 564 1280 613 igitur
1319 566 1377 602 est
1419 575 1522 612 quae
1562 563 1602 601 in
1638 564 1787 602 aoristo

304 629 601 679 significationis
631 630 819 682 varietas,
859 644 938 681 quo
974 632 1061 682 ipso
1102 644 1262 682 quoque
1292 633 1361 670 aut
1398 631 1582 670 absoluta
1613 631 1787 670 contine-

304 699 370 734 tur
399 697 514 748 actio,
545 699 608 736 cui
637 699 791 737 initium
828 692 943 737 simul
973 702 1012 737 et
1040 699 1129 737 finis
1158 701 1278 750 inest,
1319 701 1387 737 aut
1417 699 1583 737 actionis
1613 699 1679 737 vel
1709 701 1783 736 sta-

305 759 370 804 tus
399 765 553 804 initium
584 766 776 817 (Εἰητνῖῐί,
805 764 1060 815 βασιλεῦσαι
1090 777 1221 816 reqem
1246 768 1366 815 fieri).

417 841 457 873 e.
500 833 734 887 Berfectum‚
763 835 869 886 quod
900 836 931 874 si
960 836 1175 875 indicativo
1206 837 1366 886 ponitur
1395 835 1617 886 praesentis
1637 837 1785 884 tempo—

303 902 358 941 ris
395 904 470 954 cst,
521 906 658 943 secuta
692 907 785 943 sunt
824 904 1258 955 plusquamperfectum
1301 907 1339 944 et
1380 904 1556 943 futurum
1593 905 1787 953 exactum,

290 964 470 1020 'quorum
499 971 623 1011 altero
652 972 873 1022 perfectum
902 973 942 1010 in
971 973 1228 1022 praeteritum
1258 974 1426 1023 tempus,
1456 972 1580 1010 altero
1611 972 1652 1009 in
1681 969 1786 1009 futu-

301 1050 388 1077 rum
417 1039 630 1078 confertur.
687 1041 828 1079 Futuri
857 1041 986 1079 exacti
1016 1043 1192 1091 potestas
1222 1041 1418 1090 quomodo
1449 1040 1498 1079 ab
1519 1040 1664 1078 Atticis
1696 1050 1786 1077 con-

301 1107 439 1146 stituta
469 1107 519 1146 sit
546 1107 650 1147 infra
679 1108 956 1159 explanabitur
986 1107 1026 1156 (ἓ
1058 1110 1109 1148 14
1140 1108 1190 1156 a).

1003 1209 1083 1257 §6.

347 1285 492 1327 Verbi
521 1286 683 1337 graeci
712 1287 934 1338 tempora
964 1297 1060 1328 uno
1092 1286 1348 1339 conspectu
1380 1285 1742 1339 comprehensa.

414 1380 541 1430 Saepe
571 1383 664 1419 sunt
692 1381 804 1419 verbi
833 1381 968 1430 graeei
997 1373 1175 1430 tempora
1204 1381 1244 1419 in
1275 1384 1404 1420 certos
1424 1380 1587 1419 redacta
1614 1380 1785 1431 ordine-s,

301 1460 470 1498 quorum
500 1448 653 1499 copiam
682 1448 731 1486 H.
790 1447 1028 1487 Schmidtius
1056 1448 1096 1486 in
1128 1448 1346 1487 Doctrinae
1374 1449 1422 1487 de
1449 1448 1558 1487 verbi
1583 1449 1722 1497 qraeei
1750 1452 1789 1486 et

300 1517 415 1554 latim*
454 1517 697 1564 expositione
734 1516 924 1554 historica
969 1516 1182 1565 diligenter
1227 1517 1458 1566 composuit.
1527 1517 1612 1554 Nec
1651 1518 1783 1555 tamen

308 1583 497 1622 aoristum
529 1583 670 1622 ceteris
699 1583 940 1634 temporibus
959 1586 1068 1623 recte
1089 1584 1325 1636 inserebant,
1355 1596 1483 1634 neque
1504 1595 1606 1634 quae
1626 1585 1784 1634 praesto

299 1654 412 1691 erant
441 1656 619 1702 tempora
648 1652 703 1705 ad
743 1664 809 1690 eas
849 1665 947 1702 quas
988 1653 1245 1703 postulabant
1284 1654 1470 1703 temporis
1506 1652 1687 1691 notiones
1728 1651 1782 1690 ef-

297 1719 484 1759 ficiendas
533 1720 712 1759 sufficere
760 1721 973 1771 putabant,
1022 1723 1065 1759 ut
1114 1720 1164 1759 ad
1211 1720 1540 1771 periphrasticam
1599 1720 1783 1770 coniuga-

296 1788 442 1827 tionem
483 1788 787 1839 descenderent,
830 1800 907 1838 qua
945 1788 1172 1838 frequentes
1219 1788 1400 1827 ordinum
1441 1788 1608 1827 lacunas
1648 1787 1781 1838 exple-

296 1857 400 1894 rent.
458 1857 697 1907 Temporum
736 1859 865 1895 autem
907 1856 1136 1896 divisionem
1177 1856 1210 1894 si
1250 1856 1458 1895 instituere
1496 1856 1678 1906 velimus,
1718 1867 1781 1893 ac-

297 1926 417 1964 tionis
448 1925 560 1964 nobis
602 1927 641 1964 et
669 1925 859 1975 temporis
894 1925 994 1964 ratio
1033 1924 1214 1964 habenda
1254 1926 1324 1963 est.
1383 1925 1514 1975 Atque
1555 1936 1676 1974 quum
1706 1923 1782 1972 tria

299 1993 640 2044 distinguerentur
670 1993 836 2032 actionis
867 2005 1031 2044 genera,
1061 2005 1182 2032 unum
1213 1992 1320 2043 quod
1350 1992 1583 2043 praesentis,
1613 1992 1779 2044 alterum

297 2062 405 2112 quod
435 2062 580 2113 amisti,
609 2062 768 2100 tertium
799 2061 906 2112 quod
935 2061 1102 2112 perfecti
1132 2062 1256 2111 stirpe
1286 2062 1520 2112 continetur,
1549 2063 1594 2099 ut
1614 2060 1782 2099 actionis

300 2130 455 2180 species
485 2130 665 2179 omnibus
697 2143 832 2170 eorum
863 2130 989 2169 modis
1010 2142 1135 2179 aeque
1165 2130 1268 2180 insit,
1298 2141 1497 2179 quumque
1517 2129 1558 2167 in
1579 2141 1657 2178 quo
1687 2130 1782 2167 tem-

295 2199 405 2248 poris
437 2200 541 2238 statu
583 2199 685 2236 actio
715 2199 847 2248 posita
876 2201 991 2248 esset,
1020 2198 1108 2247 ipsa
1138 2197 1379 2235 indicaretur
1409 2196 1611 2235 indicativi
1640 2196 1779 2247 forma,

297 2278 438 2304 novem
469 2265 662 2316 postulari
700 2265 886 2304 videntur
917 2265 1129 2304 indicativi.
1186 2264 1364 2312 Quorum
1404 2264 1470 2313 qui
1513 2268 1673 2314 praesto
1705 2265 1783 2303 sint

296 2333 500 2372 videamus
531 2328 584 2384 (V.
607 2333 712 2372 Curt.
734 2333 918 2381 Schulqr.
942 2334 964 2377 §
986 2327 1098 2384 484).

400 2401 429 2439 L
458 2400 647 2440 Refertur
676 2401 796 2451 igitur
826 2413 928 2451 quae
949 2413 1101 2450 praes
1120 2400 1258 2439 entis
1289 2399 1410 2449 stirpe
1432 2400 1659 2438 continetur
1678 2400 1782 2439 actio

498 2479 536 2513 a)
568 2471 637 2509 aut
664 2469 704 2508 in
735 2481 928 2519 praesens
953 2471 1109 2520 tempus
1139 2492 1192 2496 ——
1220 2468 1337 2507 indic.
1368 2480 1496 2518 praes.
1526 2461 1698 2519 γράφω,

499 2539 539 2584 b)
571 2541 638 2576 aut
667 2538 707 2576 in
737 2539 996 2588 praeteritum
1025 2559 1082 2564 —
1112 2537 1261 2588 imperf.
1292 2531 1505 2588 ἔγραφον,

503 2609 539 2649 c)
570 2607 639 2645 aut
678 2606 719 2644 in
759 2605 937 2645 futurum
978 2626 1032 2631 —
1070 2605 1187 2645 indic.
1234 2604 1305 2643 fut.
1344 2596 1505 2657 γράψω
1536 2603 1607 2651 (ita
1643 2607 1787 2656 tamen,

559 2677 603 2713 ut
630 2687 715 2713 una
744 2674 870 2714 futuri
899 2675 1025 2715 forma
1055 2677 1095 2714 et
1123 2674 1258 2715 aoristi
1295 2676 1333 2723 et
1361 2675 1584 2726 praesentis
1613 2676 1787 2726 potestas

554 2742 820 2791 contineatur)
834 2754 844 2795 3
