2046 3272
974 127 1255 169 -38-

372 245 495 284 Recte
524 243 648 295 igitur
668 243 906 283 Mullachius
925 244 1132 296 Euripidis
1161 244 1283 284 verba
1302 243 1451 283 Phoen.
1483 246 1589 284 1721
1621 232 1725 299 τᾷδε
1754 239 1859 298 τᾷδε
1904 242 1930 261 ³
1957 256 1993 273 x

372 308 513 362 βᾶθί
540 323 630 364 μοι,
659 307 763 366 τᾷδε
780 304 913 352 ,πόδα
942 308 1105 351 τίθει
1146 305 1285 365 πάτερ
1326 312 1383 352 ita
1413 312 1639 364 explicavit,
1677 315 1722 352 ut
1749 309 1860 361 βᾶθι
1940 316 1941 319 ’

374 382 522 422 aoristo
553 393 714 421 caecum
744 393 878 421 senem
907 383 952 421 ut
982 381 1040 421 ire
1069 381 1245 434 incipiat,
1272 377 1390 420 τίθει
1416 384 1547 421 autem
1576 383 1788 432 praesente
1812 383 1860 423 nt

374 450 432 490 ire
461 451 603 501 pergat
632 449 783 488 moneri
814 448 930 489 dicat.
987 449 1122 501 Atque
1151 462 1199 489 ea
1228 462 1347 501 saepe
1376 451 1417 489 in
1442 449 1666 501 praesentis
1694 450 1859 500 impera-

375 518 458 558 tivo
487 518 546 558 vis
575 517 688 570 inest,
718 520 762 558 ut
791 530 913 569 quum
942 531 986 558 re
1017 517 1152 569 aliqua
1181 520 1419 570 occupatum
1449 530 1535 558 esse
1558 517 1732 570 aliquem
1752 517 1859 558 iube-

378 598 503 639 amus,
532 588 576 626 ut
606 586 804 637 extemplo
835 598 920 626 eam
950 578 1207 637 aggrediatur
1236 587 1494 638 postulemus.

1059 733 1083 778 §
1116 731 1179 773 11.

908 809 977 853 De
1007 820 1098 853 usu
1127 808 1347 872 perfecti.

493 925 536 956 a.
594 914 777 955 Perfecto
808 914 945 955 eodem
984 916 1071 955 iure
1112 929 1191 967 quo
1221 917 1443 967 praesentis
1470 917 1684 958 indicativo
1714 911 1757 970 (§
1780 920 1802 957 1
1824 910 1863 969 e)

376 984 597 1036 praesentis
638 983 830 1034 temporis
867 984 976 1023 notio
1017 983 1155 1023 deesse
1190 986 1333 1036 potest.
1390 986 1518 1025 Rarus
1560 985 1662 1025 enim
1703 985 1866 1024 obvenit
1934 1017 1938 1021 .

376 1051 548 1105 gnomici
568 1051 736 1103 perfecti
755 1063 862 1092 usus.
918 1052 1019 1091 Plat.
1039 1053 1198 1103 Protag.
1219 1055 1299 1094 328
1313 1053 1338 1093 b
1369 1046 1551 1092 ἐπειδὰν
1571 1046 1653 1105 γάρ
1674 1065 1740 1100 τις
1759 1042 1864 1104 παρ’

378 1116 488 1173 ἐμοῦ
516 1112 653 1172 μάθῃ,
689 1112 768 1158 ἐὰν
796 1116 878 1171 μὲν
906 1112 1119 1173 βούληται
1150 1110 1522 1160 ἀποδέδωκεν
1552 1110 1576 1159 ὃ
1607 1114 1697 1173 ἐγώ
1727 1113 1863 1173 πράτ-

379 1200 510 1241 τομαι
540 1177 767 1241 ἀργύριον,
798 1181 877 1227 ἐὰν
907 1184 955 1227 δὲ
973 1181 1045 1241 μή,
1075 1181 1229 1228 ἐλθών
1259 1183 1302 1236 ἐς
1328 1182 1449 1242 ἱερὸν
1478 1179 1641 1242 ὀμόσας
1670 1178 1780 1229 ὅσου
1811 1179 1866 1228 ἂν

379 1255 440 1309 φῇ
470 1248 572 1308 ἄξια
598 1249 715 1295 ἐἶναι
744 1250 800 1295 τὰ
827 1250 1066 1310 μαθήματα
1101 1256 1322 1296 τοσοῦτον
1360 1254 1625 1312 κατέθηκεν,
1664 1259 1730 1298 ubi
1769 1271 1864 1311 gno-

380 1328 482 1367 mico
512 1322 839 1378 κατέθηκεν
874 1326 1021 1366 aoristo
1053 1315 1342 1366 ἀποδέδωκεν
1379 1327 1602 1380 perfectum
1640 1328 1865 1380 appositum

380 1398 450 1434 est.
508 1394 770 1433 Inveniuntur
799 1394 915 1432 etiam
946 1393 1123 1445 perfecta
1153 1395 1354 1446 historica,
1383 1398 1427 1434 ut
1455 1397 1555 1435 Xen.
1574 1396 1679 1435 Hell.
1702 1398 1739 1447 7,
1754 1399 1790 1447 1,
1808 1398 1862 1434 41

379 1452 731 1513 Ἐπαμεινώνδας
761 1455 975 1513 ἐ’γνωκε
1007 1458 1303 1514 στρατευτέον
1334 1455 1444 1502 εἶναι
1475 1458 1547 1502 ἐπὶ
1576 1456 1658 1516 τὴν
1681 1453 1865 1514 Ἀχαΐαν·

381 1526 566 1569 Πεισίαν
596 1515 678 1568 οὖν
709 1525 903 1570 πείθει
933 1528 1293 1583 προκαταλαβεῖν
1322 1525 1374 1569 τὸ
1387 1522 1570 1580 Ὄνειον,
1600 1532 1669 1571 ubi
1700 1525 1866 1582 ἔγνωκε

380 1599 482 1638 falso
524 1611 548 1637 a
588 1597 822 1649 quibusdam
861 1598 902 1637 in
933 1591 1050 1649 ἔγνω
1088 1599 1231 1638 mutari
1262 1599 1505 1639 Kuehnerus
1536 1600 1559 1644 §
1581 1601 1714 1652 384,3
1759 1601 1867 1638 recte

379 1667 669 1707 animadvertit.

495 1746 537 1787 b.
567 1746 753 1787 Perfecto
769 1750 808 1786 et
838 1747 938 1786 actio
969 1748 1195 1786 continetur
1225 1750 1263 1786 et
1292 1748 1358 1798 qui
1379 1747 1471 1787 inde
1501 1747 1681 1799 sequitur
1701 1746 1868 1787 subiecti

380 1818 517 1855 status.
574 1816 689 1855 Actio
730 1827 827 1854 vero
865 1819 933 1854 aut
971 1827 1018 1854 ea
1053 1819 1114 1854 est
1153 1828 1255 1865 quae
1291 1816 1395 1855 omni
1438 1829 1487 1855 ex
1528 1819 1642 1867 parte
1684 1815 1868 1854 absoluta

381 1878 603 1936 (ἔκτονα),
644 1886 712 1923 aut
753 1896 800 1922 ea
839 1895 942 1934 quae
992 1884 1153 1934 incepta
1195 1886 1253 1922 est
1303 1879 1521 1936 (γέγηθα).
1593 1882 1867 1923 Perfectorum

379 1953 500 2004 igitur
535 1953 568 1991 si
608 1954 718 1990 certa
753 1951 1000 2002 distinguere
1042 1951 1208 1990 velimus
1248 1963 1413 2003 genera,
1458 1954 1497 1991 et
1527 1951 1567 1990 id
1597 1939 1866 2001 quaerendum

381 2021 492 2061 nobis
522 2023 594 2072 est,
623 2023 756 2060 utrum
787 2020 969 2059 absoluta
999 2020 1156 2059 omnino
1189 2033 1237 2059 an
1269 2021 1425 2070 incepta
1455 2019 1570 2059 modo
1592 2020 1702 2059 ‘aetio
1733 2020 1865 2070 singu-

380 2089 429 2128 lis
459 2089 562 2140 insit,
592 2091 632 2127 et
662 2101 765 2138 quae
794 2088 896 2127 inter
926 2089 1119 2127 actionem
1152 2091 1190 2126 et
1218 2090 1361 2127 statum
1393 2088 1493 2126 ratio
1524 2088 1575 2126 sit
1604 2087 1868 2137 spectabimus

381 2152 436 2208 (v.
449 2157 472 2203 ἓ
488 2159 512 2196 5
527 2151 583 2208 (1).
623 2156 680 2195 Ae
694 2156 934 2196 Schmidtius
952 2156 1124 2207 quidem,
1147 2169 1268 2206 quum
1290 2156 1329 2195 id
1348 2157 1474 2196 solum
1490 2158 1714 2207 quaereret,
1735 2157 1868 2194 utrum

381 2225 546 2264 actionis
576 2224 703 2276 major
733 2237 783 2263 an
815 2227 940 2263 status
971 2227 1179 2274 respectus
1201 2224 1422 2275 haberetur,
1451 2224 1553 2263 hane
1580 2223 1750 2263 instituit
1779 2235 1867 2274 per-

379 2293 573 2334 fectorum
596 2293 828 2333 divisionem
849 2288 1087 2345 (Doctrinae
1107 2297 1178 2332 etc.
1201 2293 1251 2344 II,
1272 2306 1308 2343 p.
1332 2295 1400 2344 103
1430 2294 1499 2332 der
1520 2304 1583 2341 ψ’.
1603 2292 1696 2331 Aor.
1726 2305 1762 2343 p.
1786 2286 1869 2342 30).
1889 2305 1916 2334 εει

380 2362 601 2414 Distinguit
643 2362 693 2408 1)
723 2362 876 2410 solche,
919 2364 959 2400 in
990 2363 1113 2401 denen
1142 2362 1205 2400 die
1234 2361 1445 2410 Handlunq
1474 2363 1558 2400 eine
1585 2372 1691 2410 qauz
1719 2360 1870 2410 yleiche

381 2431 675 2481 Berechtiqunq
702 2433 771 2470 mit
799 2432 882 2470 dem
914 2431 1113 2469 Zustande
1141 2430 1211 2468 hat
1238 2430 1323 2468 und
1336 2440 1441 2479 qauz
1472 2430 1658 2469 bestimmt
1685 2440 1760 2468 von
1790 2429 1879 2468 die-

379 2511 458 2540 sem
485 2500 717 2550 qeschieden
747 2503 808 2547 ist,
840 2512 874 2537 Ζ.
898 2500 946 2539 B.
973 2485 1010 2537 ὦ
1041 2492 1183 2537 πόποι
1212 2484 1238 2550 ἦ
1268 2491 1320 2550 δὴ
1339 2494 1442 2549 μυρί
1451 2487 1707 2544 ’Ὀδυσσεὺς
1728 2489 1869 2535 εσθλά

381 2563 538 2621 ἔοργεν
558 2567 611 2615 2)
632 2569 777 2617 solche,
808 2571 849 2608 in
874 2570 997 2609 denen
1025 2568 1128 2607 diese
1150 2567 1483 2618 Unterscheidunq
1497 2567 1620 2607 sehon
1638 2565 1870 2606 εοὴφνᾶοήεν

381 2639 431 2676 ist
467 2638 553 2675 und
590 2639 661 2676 der
690 2638 868 2676 Zustand
902 2639 980 2675 viel
1011 2636 1121 2675 mehr
1169 2635 1473 2684 berackstchtiqc
1508 2638 1558 2674 ist
1595 2637 1654 2673 abs
1693 2636 1755 2673 dle
1793 2634 1871 2672 ihm

382 2706 751 2756 voraufqeyanqene
780 2704 1014 2754 Handluny,
1054 2716 1089 2742 Ζ.
1122 2703 1168 2741 B.
1210 2692 1325 2755 ἅρμα
1364 2698 1413 2741 δέ
1451 2714 1494 2741 οι
1528 2699 1701 2755 χρυσῷ
1708 2713 1752 2740 τε
1795 2698 1869 2740 καὶ
1938 2729 1942 2733 -
1996 2754 2000 2756 v

382 2763 560 2825 ἀργύρῳ
591 2768 639 2812 εὐ
668 2764 853 2826 ἤσκηται
884 2773 939 2819 3)
968 2772 1100 2811 solesze
1129 2773 1170 2810 in
1198 2772 1323 2811 denen
1352 2772 1414 2811 die
1433 2771 1645 2821 Handlunq
1672 2780 1779 2820 qanz
1799 2781 1871 2809 zu-
2036 2779 2046 2843 ζ
