2046 3272
826 172 1107 214 —33-

337 289 427 339 Qua
454 301 497 329 re
525 280 737 329 adductum
768 291 865 341 puto
905 300 992 330 esse
1023 275 1378 341 Naegelsbachium
1418 284 1488 342 (Χ.
1521 289 1622 329 Eaec,
1653 288 1710 329 ad

223 355 310 411 11.)‚
347 361 392 397 ut
432 357 706 407 imperfectum
741 360 825 396 tum
859 356 911 396 ab‘
938 359 1112 397 Homero
1151 357 1365 396 adhibitum
1408 370 1495 397 esse
1530 356 1706 408 doceret,

200 435 346 479 *quum
375 426 524 465 durans
563 425 755 465 actionem
785 429 1018 476 sequeretur
1060 426 1223 466 effectus
1262 419 1557 477 (mac-Mallem
1604 424 1706 464 Wir-

224 489 435 546 kunqen‘ff.
492 495 578 532 Nec
619 494 798 533 omnibus
838 479 969 533 tame’n
1010 493 1253 545 imperfectis
1299 495 1433 534 aoristi
1473 495 1562 534 loco
1598 493 1705 544 apud

224 562 440 602 Homerum
469 561 609 612 positis
638 561 741 600 hanc
770 561 899 601 inesse
928 562 1008 600 vim
1037 560 1257 612 putandum
1287 565 1356 601 est.
1401 551 1615 613 ᾍμείβετο
1636 562 1705 601 de-

225 628 358 679 nique,
387 620 607 679 ἒπειρώτα
647 621 769 678 ἔλεγε
804 627 1063 679 imperfectis,
1104 639 1207 678 quae
1247 628 1335 679 ipsa
1371 630 1609 681 plerumque
1646 641 1704 669 se-

225 697 361 748 quitur
390 696 534 747 oratio,
573 696 670 735 nihil
709 696 815 735 aliud
855 695 1040 748 efficitur,
1079 709 1196 747 quam
1237 699 1281 736 ut
1322 697 1471 737 durans
1509 699 1706 748 loquentis

224 768 350 805 status
379 764 634 815 significetur.
692 765 832 814 Neque
861 765 923 804 his
952 765 1000 804 de
1030 765 1172 815 quibus
1191 764 1361 804 diximus
1390 766 1488 804 locis
1508 766 1704 805 actionem

226 829 456 884 imperfecto
497 834 728 884 conceptam
764 832 1035 884 imperfectam
1077 833 1314 872 remansisse
1349 833 1605 886 exprimitur,
1645 837 1707 874 est

225 901 341 941 modo
370 887 660 951 progredientis
695 902 819 951 magis
848 914 965 951 quam
994 902 1116 940 initae
1152 902 1217 940 vel
1252 901 1454 952 perfectae
1490 905 1707 953 respectus.

226 970 359 1021 Atque
396 970 559 1009 similem
599 961 755 1009 omnino
795 970 895 1009 haec
931 969 1164 1020 imperfecta
1204 970 1479 1019 praesentibus
1508 969 1707 1009 historicis

185 1028 188 1033 ¹
226 1039 408 1076 naturam
438 1037 641 1087 praebent,
682 1037 826 1086 quibus
864 1036 960 1086 ipsis
990 1049 1151 1086 quoque
1188 1038 1397 1086 tantopere
1426 1037 1545 1075 animi
1574 1038 1615 1075 in
1645 1049 1707 1076 ac-

223 1105 341 1145 tionis
371 1104 543 1144 decursu
571 1104 765 1155 figuntur,
803 1107 847 1143 ut
875 1091 1063 1154 temporis
1103 1105 1309 1153 praeteriti
1338 1104 1594 1156 significatio,
1634 1106 1708 1144 etsi

225 1172 448 1223 supplenda
476 1174 546 1222 est,
575 1170 702 1209 forma
730 1173 861 1210 tamen
891 1171 1129 1222 negligatur.

338 1237 382 1279 b.
410 1240 493 1294 ‘Est
522 1251 648 1290 genus
683 1241 893 1289 praeterea
921 1238 1256 1290 imperfectorum,
1286 1240 1394 1290 quod
1425 1253 1514 1279 cum
1543 1237 1710 1279 τίκτειν

223 1304 354 1345 νικᾶν
382 1299 598 1359 θνήσκειν
626 1307 903 1356 praesentibus
933 1301 1127 1359 (matrem,
1155 1307 1353 1354 victorem,
1382 1311 1578 1348 mortuum
1607 1303 1707 1361 esse)

225 1374 507 1415 conferendum
537 1377 608 1414 est.
665 1375 756 1414 Non
786 1375 824 1414 id
854 1374 1013 1425 quidem
1035 1376 1438 1429 commemorabimus,
1468 1377 1576 1428 quod
1605 1389 1708 1428 quae

225 1443 274 1483 de
303 1444 578 1494 praesentibus
608 1443 689 1482 illis
720 1443 841 1482 ducta
871 1446 963 1483 sunt
991 1443 1224 1495 imperfecta
1264 1444 1430 1485 eandem
1460 1446 1710 1485 retinuerunt

225 1514 304 1552 vim
333 1507 476 1564 (ἐνίκα
505 1513 671 1562 vicerat,
713 1513 840 1551 victor
869 1507 994 1564 erat),
1034 1516 1078 1551 ut
1106 1513 1590 1563 plusquamperfectorum
1618 1514 1708 1552 loco

226 1592 315 1620 esse
344 1580 578 1631 videantur,
618 1579 688 1619 sed
720 1580 827 1630 quod
857 1592 905 1620 ea
934 1581 1051 1620 etiam
1082 1567 1260 1631 exstant,
1300 1594 1421 1632 quae,
1462 1581 1535 1620 etsi
1565 1583 1709 1620 statum

226 1648 341 1689 simul
382 1648 576 1688 actionem
613 1650 793 1688 secutum
835 1649 1054 1701 continent,
1097 1662 1219 1700 quum
1262 1662 1342 1689 non
1382 1649 1597 1700 perfectam
1637 1648 1708 1689 sed

226 1730 329 1768 quae
370 1716 550 1756 accidere
590 1716 744 1755 dicatur
780 1718 973 1757 actionem
1008 1717 1251 1769 significent,
1293 1718 1529 1757 aoristorum
1575 1718 1708 1768 potius

226 1798 343 1835 quam
372 1785 852 1836 plusquamperfectorum
873 1786 1005 1824 locum
1025 1786 1215 1824 obtinent.
1276 1785 1465 1836 Exemplo
1486 1786 1537 1824 sit
1558 1779 1705 1823 ἔλειπε

226 1852 346 1903 Soph.
375 1853 518 1890 Trach.
551 1855 602 1891 76
857 1848 859 1851 ’

288 1922 427 1970 Dejan.
466 1906 533 1970 ἆρ’
555 1913 690 1957 οἶσθα
722 1910 814 1970 δῆτ’
836 1907 873 1957 ὦ
903 1917 1078 1967 τέκνον,
1110 1912 1170 1965 ὡς
1201 1915 1348 1958 ἔλειπέ
1374 1932 1449 1970 μοι

457 1991 640 2039 μαντεῖα
670 1980 805 2026 πιστὰ
834 1982 959 2040 τῆςδε
988 1985 1063 2041 τῆς
1092 1980 1238 2041 χώρας
1266 1984 1394 2041 πέρι,·

199 2057 328 2111 ‘Nam
359 2057 538 2095 manibus
579 2057 737 2095 tenebat
765 2057 962 2107 tabulam,
1003 2058 1067 2095 cui
1092 2058 1310 2096 »oraculum
1339 2056 1437 2095 illud
1466 2057 1706 2106 insculptum

229 2126 313 2163 erat
343 2118 398 2176 (v.
427 2124 669 2164 Schneidew.
700 2124 750 2163 ad
779 2124 802 2163 l.
833 2119 905 2177 c.);
934 2124 979 2164 Il.
1010 2126 1048 2176 2,
1079 2123 1157 2165 106

282 2183 451 2244 Ἀτρεὺς
494 2189 540 2231 δὲ
584 2185 797 2244 θνήσκων
840 2186 1046 2230 ἔλιπεν
1084 2185 1303 2243 πολύαρνι
1348 2188 1518 2242 Θυέστῃ
1560 2187 1632 2243 (sc.
1653 2185 1706 2230 τὸ

1393 2255 1652 2312 σκῆπτρον),

284 2318 423 2380 αὐτὰρ
455 2320 479 2367 ὁ
511 2315 614 2367 αὖτε
650 2318 804 2368 &ve'o‘c’
820 2318 1104 2379 Ἀγαμέμνονι
1136 2327 1294 2365 λεῖπε
1327 2325 1529 2379 φορῆναι.

227 2395 329 2435 Nam
359 2397 632 2449 Agamemnon
669 2399 868 2447 sceptrum
910 2396 1041 2435 adhuc
1069 2397 1188 2435 tenet.
1245 2395 1396 2435 Eodem
1414 2395 1550 2438 .mod0
1582 2391 1708 2434 δίδου

228 2468 268 2504 et
295 2466 375 2504 alia
402 2465 633 2516 imperfecta
662 2465 769 2515 apud
785 2466 999 2504 Homerum
1024 2464 1214 2513 imprimis
1235 2463 1410 2503 adhibita
1439 2467 1543 2503 sunt.
1593 2464 1709 2512 Quod

228 2532 549 2584 imperfectorum
578 2545 704 2585 genus
734 2532 784 2572 ad
813 2532 854 2572 id
883 2532 1082 2573 interdum
1111 2544 1238 2584 prope
1268 2531 1437 2585 accedit,
1467 2545 1546 2585 quo
1577 2533 1711 2585 magni

228 2603 423 2642 actionem
451 2603 575 2642 fuisse
606 2603 792 2652 ponderis
821 2602 1030 2652 indicatur,
1059 2605 1102 2640 ut
1131 2601 1214 2652 vel,
1243 2603 1375 2640 utrum
1405 2614 1542 2641 eorum
1573 2602 1711 2653 subsit,

229 2669 455 2711 discernere
484 2671 552 2710 vix
581 2670 722 2721 possis.
1094 2705 1098 2708 Δ

264 2774 271 2785 ,
342 2747 381 2778 (3.
410 2740 526 2779 Alter
556 2740 616 2778 est
644 2736 865 2787 imperfecti
895 2749 1002 2789 usus,
1031 2738 1064 2776 si
1094 2738 1196 2777 actio
1218 2738 1413 2777 actionem
1440 2738 1626 2789 amplecti
1655 2737 1711 2776 di·
1741 2767 1751 2772 -

210 2801 331 2846 „citur
359 2808 426 2847 vel
455 2808 489 2847 si
518 2807 569 2846 ad
599 2806 714 2846 aliam
744 2805 924 2846 refertur.
984 2806 1024 2845 Si
1067 2806 1162 2857 quid
1197 2807 1302 2847 enim
1332 2806 1471 2846 eodem
1501 2818 1586 2845 esse
1614 2808 1710 2862 tem-
