2046 3272
871 144 1152 183 ...11-

270 260 387 302 facile
416 259 496 298 vim
527 259 705 298 converti
736 261 903 311 poterat,
932 262 976 298 ut
1005 260 1108 299 aetio
1138 272 1219 300 non
1247 260 1303 299 ita
1331 259 1381 298 de
1422 256 1620 310 loquentis
1649 262 1756 300 statu

269 329 553 379 removeretur,
581 330 626 366 ut
653 328 693 366 in
713 329 926 378 praeterito
947 330 1124 379 tempore
1153 329 1221 367 vel
1249 329 1290 366 in
1317 330 1426 366 certo
1457 328 1541 366 eius
1562 331 1777 391 momento·

227 423 255 443 a.
268 397 495 449 poneretur,
525 395 595 434 sed
624 395 680 434 ita
715 397 759 434 ut
788 395 901 434 data
930 396 1186 435 occasione
1215 395 1300 434 fieri
1330 395 1537 434 diceretur.
1782 391 1785 393 ’

383 463 496 503 Licet
524 465 662 503 tamen·
688 463 847 503 easdem
878 460 1094 503 sententias
1123 464 1164 502 in
1194 475 1388 514 praesens
1418 463 1567 502 referre
1591 465 1757 514 tempus,
1796 508 1806 515 .

272 545 395 584 quum
426 544 529 582 quae
560 532 732 570 cuiusvis
763 532 951 582 temporis
982 533 1077 584 sint,
1117 532 1166 570 de
1197 532 1399 582 praesenti
1430 532 1546 570 etiam
1577 533 1756 582 tempore

268 600 490 654 praedicari
513 599 679 651 possint,
709 602 752 639 ut
771 601 836 639 vel
871 590 1032 653 ἀνδρὸς
1062 598 1174 638 νοῦν
1203 593 1326 646 οἶνος
1359 593 1523 649 ἔδειξεν
1551 600 1617 638 vel
1648 595 1755 637 δείκ-

242 676 369 711 ,νυσι
403 668 568 707 dicatur.
626 669 713 706 Hoc
752 671 883 707 autem
930 669 1135 718 proprium
1175 671 1236 706 est
1275 669 1438 718 aoristo,
1477 668 1585 717 quod
1626 671 1758 706 certus

216 790 219 793 Ι
270 748 316 776 eo
346 735 508 787 ponitur
537 738 716 786 tempore
749 736 884 792 aliquo
914 736 1124 775 eveniendi
1153 730 1282 775 casus.

381 804 514 853 Atque
555 803 689 842 subest
728 804 929 842 interdum
973 805 1166 842 eiusmodi
1196 805 1353 843 aoristis
1395 804 1591 853 quaedam
1631 803 1755 841 futuri

268 870 458 922 temporis
488 870 609 922 notio,
639 871 671 910 si
701 871 870 921 protasis
903 874 963 910 est
980 871 1262 922 hypothetica,
1292 873 1335 910 ut
1363 871 1408 909 Il.
1431 873 1468 922 9,
1490 873 1570 911 508

382 929 430 985 ὃς
458 935 539 989 μέν
575 929 613 976 τ’
644 935 861 977 αἰδέσεται
892 936 982 991 (i.e.
1013 935 1254 992 αἰδέσηται)
1285 933 1448 990 κούρας
1478 933 1579 985 Διὸς
1616 925 1756 977 ἆσσον

1003 1007 1007 1012 “
1400 999 1552 1053 ἰούσας

182 314 197 333 Ρ

381 1069 512 1114 τόνδε
540 1065 634 1127 μέγ’
656 1066 835 1128 ὤνησαν
1172 1119 1175 1121 ,

268 1140 311 1196 (i.
332 1157 364 1184 e.
385 1155 470 1183 eum
498 1145 691 1183 adiuvant
718 1146 778 1183 vel
804 1140 1075 1195 adiuvabant).
1134 1144 1286 1192 Quibus
1315 1145 1355 1182 in
1387 1144 1602 1194 sententiis,
1632 1156 1755 1193 quum

267 1226 347 1253 non
390 1225 580 1263 praesens
622 1212 689 1252 sed
732 1214 953 1264 cogitatum
995 1213 1110 1253 modo
1150 1213 1369 1252 subiectum
1411 1215 1658 1263 proponatur
1687 1200 1754 1263 (ὃς

267 1277 349 1333 μέν
377 1271 416 1319 τ’
437 1276 660 1332 αἰδέσηται
691 1274 854 1332 κούρας
891 1273 1024 1332 Διός),
1067 1280 1207 1331 futuri,
1248 1280 1355 1330 quod
1389 1293 1469 1319 non
1499 1280 1549 1318 ad
1578 1280 1755 1318 futurum

269 1349 396 1388 solum
427 1349 497 1388 sed
526 1348 576 1387 ad
606 1354 806 1398 praesens
827 1349 944 1388 simul
973 1351 1130 1398 tempus
1159 1350 1373 1399 pertineat,
1413 1361 1509 1387 usus
1549 1360 1636 1387 esse
1675 1360 1756 1387 non

272 1417 385 1457 solet.

386 1494 426 1523 θ.
484 1485 561 1523 Sed
592 1497 713 1534 quum
742 1488 996 1534 augmentum
1038 1486 1079 1522 in
1119 1485 1363 1534 imperfectis
1401 1484 1670 1534 hypotheticis
1698 1483 1754 1521 id-

271 1554 374 1593 circo
405 1552 622 1592 adhibitum
652 1565 739 1592 esse
768 1553 1054 1605 intelligamus,
1094 1556 1137 1592 ut
1166 1552 1273 1603 quod
1303 1553 1431 1592 verbo
1467 1552 1560 1591 insit
1594 1554 1754 1603 praesto

270 1636 348 1662 non
379 1634 466 1661 csse
496 1622 711 1672 indicetur,
746 1622 784 1659 in
817 1622 1021 1660 sententiis
1052 1607 1323 1660 commu‘nibus
1355 1623 1394 1659 et
1422 1622 1463 1659 in
1493 1621 1753 1671 comparatio·

268 1690 341 1729 bus
370 1703 451 1729 non
479 1689 681 1740 propriam
711 1689 746 1727 ei
775 1689 1006 1728 removendi
1046 1689 1093 1728 de
1136 1689 1336 1739 loquentis
1377 1691 1481 1727 statu
1519 1690 1754 1738 potestatem

269 1757 500 1799 attributam
530 1769 615 1797 esse
645 1757 884 1808 putabimus.
938 1757 1161 1808 -Receptum
1191 1757 1232 1796 id
1262 1769 1348 1797 esse
1370 1756 1582 1796 dicendum
1613 1758 1674 1795 est
1704 1768 1754 1795 ex

268 1827 385 1865 solita
415 1827 550 1866 aoristi
591 1826 735 1877 forma,
777 1838 899 1875 quum
928 1825 1149 1876 indicativi,
1191 1838 1294 1876 quae
1334 1828 1547 1876 augmento
1589 1827 1754 1875 careret,

267 1894 395 1935 forma
424 1894 578 1934 deesset
606 1906 735 1945 neque
765 1907 813 1934 ea
842 1897 946 1934 esset
973 1896 1176 1945 augmenti
1206 1897 1367 1946 natura,
1406 1906 1509 1945 quae
1541 1893 1753 1933 sententia-

270 1975 359 2001 rum
390 1966 430 2002 et
460 1963 798 2013 comparationum
828 1963 1019 2001 locutioni
1047 1965 1303 2013 repugnaret.

383 2032 566 2082 Namque
594 2030 868 2082 imperfectum
888 2031 1062 2070 alienum
1083 2042 1171 2070 esse
1191 2031 1371 2070 videmus
1390 2029 1611 2069 huiusmodi
1633 2042 1754 2068 enun-

267 2100 386 2153 tiatis,
416 2113 539 2152 quum
569 2100 747 2152 ejusdem
776 2099 949 2139 notionis
979 2102 1191 2151 augmento
1222 2100 1377 2139 solutae
1405 2099 1625 2151 praesentis
1655 2098 1754 2137 indi-

269 2171 387 2210 cativi
417 2171 544 2219 forma
575 2173 691 2209 esset.
749 2170 873 2208 Recte
913 2169 1019 2208 enim
1059 2169 1121 2209 his
1151 2170 1248 2208 locis
1288 2169 1520 2220 imperfecta
1549 2168 1756 2218 quaedam,
1775 2179 1788 2185 r

269 2250 372 2289 quae
411 2238 519 2289 apud
549 2239 766 2277 Homerum
807 2238 1135 2290 inveniebantur,
1176 2238 1225 2278 ab
1255 2238 1482 2276 Hermanno
1512 2239 1550 2275 et
1579 2236 1665 2275 aliis
1694 2247 1754 2275 re-

268 2309 375 2345 mota
395 2310 508 2346 sunt.
566 2308 709 2356 Neque
740 2299 890 2357 ἔχραε,
931 2300 1058 2344 ἔκλυε
1088 2306 1238 2344 formae
1267 2318 1342 2355 pro
1373 2305 1616 2355 imperfectis
1645 2317 1755 2354 pror-

268 2385 336 2413 sus
365 2362 572 2414 habendae
603 2376 708 2427 sunt,
738 2386 859 2425 quum
889 2374 1026 2414 aoristi
1055 2374 1172 2413 simul
1203 2377 1241 2414 et
1269 2372 1492 2425 imperfecti
1522 2372 1601 2411 vim
1633 2372 1755 2411 conti-

167 2454 184 2462 ⁴
274 2445 404 2481 neant.
462 2444 690 2482 Praesentis
713 2445 851 2500 ⁸autem
881 2443 1120 2481 indicativos
1161 2444 1201 2481 in
1242 2443 1446 2481 sententiis
1483 2440 1756 2480 communibus

270 2510 310 2548 et
337 2509 378 2549 in
410 2500 772 2562 comparationibus
809 2510 919 2561 ipsos
957 2522 1118 2561 quoque
1155 2511 1344 2562 temporis
1379 2510 1599 2562 praesentis
1629 2508 1754 2547 notio·
1807 2526 1809 2528 ·

266 2589 355 2615 nem
386 2578 564 2617 amittere
595 2579 995 2617 commemoravimus.
1053 2579 1163 2617 Nihil
1195 2580 1314 2628 igitur
1355 2582 1413 2618 est
1443 2579 1602 2627 mirum,
1645 2578 1753 2627 quod

268 2645 404 2686 aoristi
435 2649 474 2688 et
501 2647 722 2698 praesentis
751 2646 987 2687 indicativos
1006 2647 1223 2699 permixtos
1244 2647 1384 2687 inillis
1406 2646 1595 2686 videmus.
1656 2644 1758 2685 Sunt

268 2715 428 2753 eaedem
457 2717 577 2765 plane
607 2717 710 2755 inter
740 2729 808 2755 eos
838 2716 1149 2767 vicissitudines,
1191 2729 1293 2766 quae
1334 2719 1426 2757 sunt
1453 2717 1496 2755 in
1529 2715 1758 2755 narratione

268 2781 372 2822 inter
401 2784 537 2824 aoristi
566 2783 820 2825 indicativum
850 2786 890 2824 et
919 2783 1207 2836 imperfectum.
