2046 3272
821 139 1083 179 43—

218 256 402 317 habenda
430 257 532 307 erat,
561 257 606 294 ut
635 254 841 294 commoda
869 266 916 293 ac
945 254 1105 306 placida
1133 235 1275 294 flueret
1303 257 1342 294 et
1370 255 1624 306 loquentibus
1654 257 1696 295 et

220 325 469 368 audientibus
499 324 636 363 oratio.
956 323 958 325 ’
1208 358 1210 361 ,
1390 377 1393 381 ⁵

331 393 408 433 Sed
437 392 589 431 omissis
618 391 780 442 reliquis
809 403 998 443 graecum
1027 393 1181 431 tantum
1209 392 1376 431 verbum
1404 391 1672 442 respiciamus.

332 529 519 580 Sequitur
559 540 608 567 ex
646 528 804 579 linguae
843 528 999 579 origine
1037 540 1157 567 unam
1196 527 1317 567 fuisse
1354 527 1552 578 principio
1588 528 1702 566 verbi

219 600 402 650 formam,
443 611 524 649 qua
564 609 673 637 mera
710 597 877 637 actionis
914 597 1023 637 notio
1063 596 1201 640 eodem
1241 597 1325 636 fere
1362 596 1479 637 modo
1509 597 1707 649 exprime-2

220 669 339 707 batur
386 668 507 717 atque
554 664 747 705 infinitivo
789 665 989 717 prasentis
1030 664 1155 705 latini.
1230 665 1308 705 Sed
1349 678 1472 717 quum
1521 665 1703 705 notiones

222 735 431 787 quaedam,
461 746 563 785 quae
592 733 703 773 verbi
733 736 898 773 naturae
928 736 1041 773 erant
1070 733 1224 786 affines,
1252 735 1294 773 in
1323 735 1450 784 ipsam
1479 734 1703 785 reciperen-

220 807 285 843 tur
313 803 425 842 verbi
455 801 638 852 formam,
678 802 727 841 de
764 814 845 841 una
873 802 942 841 illa
970 803 1208 842 exstiterunt
1241 802 1475 853 permultae.
1532 802 1593 841 Ac
1621 801 1702 853 pri·—

220 883 324 910 mum
364 870 522 920 quidem
551 870 785 920 pronomina
822 870 1051 921 personalia
1088 869 1213 909 radici
1247 869 1367 909 affixa
1407 881 1513 921 esse,
1559 868 1704 909 deinde

220 936 314 977 τῶν
344 932 603 986 διαθέσεων,
633 940 866 989 temporum,
894 937 1101 977 modorum
1121 938 1335 977 varietates
1364 937 1540 989 propriis
1568 936 1705 976 formis

223 1018 438 1058 expressae
468 1006 662 1046 videntur.
723 1006 835 1055 Quae
875 1006 1026 1047 formae
1064 1007 1121 1046 ita
1159 1018 1278 1057 saepe
1313 1005 1625 1058 effingebantur,
1662 1007 1707 1045 ut

221 1075 417 1115 vocabula
455 1075 649 1125 quaedam
690 1075 872 1114 notiones
913 1087 1003 1114 cum
1044 1075 1167 1114 verbo
1209 1075 1440 1114 coniunctas
1480 1073 1707 1125 referentia,

221 1155 341 1192 quum
372 1142 503 1180 soluta
531 1145 649 1181 antea
676 1142 862 1194 fuissent,
898 1155 987 1181 cum
1016 1143 1129 1182 verbi
1158 1142 1292 1181 radice
1321 1143 1362 1181 in
1391 1154 1513 1181 unum
1543 1142 1708 1192 coirent,

224 1223 304 1261 quo
334 1209 486 1249 factum
516 1212 592 1261 est,
632 1212 677 1249 ut
706 1210 840 1249 multis
868 1200 917 1250 ex
946 1210 1127 1262 partibus
1162 1211 1409 1250 mutarentur
1443 1211 1562 1261 atquc
1592 1209 1706 1248 muti-

220 1279 411 1318 larentur.

333 1345 411 1387 Sed
442 1358 562 1396 quum
592 1358 639 1385 ea
667 1346 797 1386 solum
833 1346 1063 1386 discrimina
1091 1346 1378 1398 perscrutanda
1414 1346 1526 1386 nobis
1560 1359 1706 1398 propo-

159 1408 162 1409 ⁷
221 1415 439 1465 suu-imus,
469 1413 613 1464 quibus
642 1414 889 1465 singulorum
916 1417 1140 1466 temporum
1169 1417 1314 1454 natura
1341 1415 1601 1467 perspicitur,
1629 1415 1708 1454 iam

222 1483 272 1522 de
300 1483 381 1522 illis
409 1495 532 1535 agere
559 1482 806 1534 incipiamus.

925 1653 1008 1700 §L

337 1729 465 1788 Quae
497 1729 562 1772 sit
591 1728 826 1783 temporis
856 1729 908 1771 in
939 1729 1072 1772 verbi
1102 1728 1263 1783 graeci
1293 1728 1593 1783 temporibus

814 1796 1119 1851 significatio.
1478 1804 1480 1806 ’

335 1891 591 1944 significandi
639 1887 828 1942 temporis
877 1904 1022 1942 magna
1070 1892 1111 1930 in
1151 1891 1275 1930 verbo
1317 1892 1453 1931 habita
1494 1894 1554 1931 est
1593 1891 1707 1931 ratio.

223 1960 354 2007 Quum
384 1961 488 1999 enim
510 1960 629 1999 *verbi
665 1963 811 1999 natura
839 1959 980 2010 ferret,
1019 1962 1081 2010 ut,
1120 1960 1154 1997 si
1194 1960 1245 1998 ad
1283 1972 1493 2010 personam
1533 1960 1707 2010 aliquam

224 2029 325 2067 actio
355 2028 619 2079 referebatur,
658 2030 728 2067 aut
756 2028 796 2066 in
826 2027 1028 2078 praesenti
1058 2030 1128 2067 aut
1162 2028 1204 2066 in
1233 2027 1447 2078 praeterito
1477 2032 1547 2067 aut
1575 2027 1616 2066 in
1646 2026 1706 2067 fu-

223 2098 313 2136 turo
355 2100 533 2148 tempore
572 2099 808 2147 poneretur,
848 2108 923 2146 par
963 2099 1065 2147 erat,
1105 2099 1150 2135 ut
1189 2096 1230 2134 in
1271 2109 1351 2146 quo
1386 2100 1564 2146 tempore
1593 2095 1705 2135 verbi

212 2165 328 2204 actio
359 2164 573 2204 statuenda
602 2166 708 2204 esset
735 2164 823 2214 ipsa
851 2164 1097 2204 indicaretur
1127 2163 1212 2203 eius
1241 2163 1378 2204 forma.
1436 2163 1562 2213 Quam
1592 2163 1705 2203 verbi

225 2245 313 2271 cum
351 2235 530 2284 tempore
570 2232 803 2271 affinitatem
845 2233 931 2273 iam,
959 2233 1074 2272 Plato
1117 2235 1157 2271 et
1195 2233 1431 2273 Aristoteles
1473 2232 1705 2272 commemo-

223 2303 425 2339 raverunt.
770 2346 773 2349 Δ

337 2376 379 2407 a.
438 2368 600 2418 Duplex
637 2369 769 2406 autem
809 2370 869 2406 est
907 2367 1157 2418 significandi
1195 2369 1385 2420 temporis
1424 2368 1577 2407 modus.
1608 2384 1617 2394 ·
1646 2368 1708 2408 Ac

224 2436 392 2485 primum
422 2435 581 2486 quidem
610 2435 713 2474 actio
744 2436 811 2474 vel
849 2437 976 2474 status
1015 2437 1086 2474 aut
1123 2436 1163 2474 in
1192 2448 1385 2487 praesens
1421 2425 1488 2475 aut
1524 2436 1565 2474 in
1594 2448 1708 2486 prae-

223 2503 382 2542 teritum
411 2506 567 2553 tempus
597 2502 781 2542 refertur.
840 2502 951 2551 Quae
969 2506 1122 2554 ,tamen
1161 2506 1338 2555 potestas
1379 2504 1453 2543 soli
1493 2503 1709 2543 indicativo

226 2573 407 2624 accessit,
445 2574 491 2611 ut
518 2572 558 2610 in
589 2584 668 2622 quo
698 2574 875 2623 tempore
905 2571 1050 2623 reliqui
1078 2572 1185 2612 modi
1213 2572 1390 2624 ponendi
1418 2572 1512 2624 sint,
1552 2575 1623 2612 aut
1660 2584 1711 2612 ex

225 2642 415 2680 sermonis
457 2643 646 2680 contextu
688 2643 755 2680 aut
799 2653 848 2680 ex
890 2641 978 2691 ipsa
1020 2641 1226 2681 modorum
1267 2644 1429 2693 natura,
1467 2643 1513 2680 ut
1543 2641 1585 2680 in
1619 2653 1711 2681 con-

223 2707 398 2756 iunctivo
438 2710 478 2747 et
516 2709 769 2759 imperativo,
809 2708 1029 2759 colligatur.
1098 2709 1311 2748 Praeteriti
1350 2711 1484 2748 autem
1523 2710 1737 2759 temporis¹

223 2774 377 2825 signum
406 2778 663 2827 augmentum
693 2779 764 2828 est,
792 2776 912 2828 quod,
941 2789 1064 2827 quum
1094 2777 1184 2816 aliis
1214 2777 1340 2817 modis
1368 2778 1556 2828 temporis
1589 2778 1711 2829 signi-

1849 574 1961 816 ‚ij
