2046 3272
865 111 1150 151 „37—

270 226 460 282 temporis
484 226 597 275 ¹notio
628 238 708 265 non
737 238 786 264 ex
815 227 1025 266 verborum
1055 226 1288 278 generibus,
1316 227 1386 266 sed
1416 241 1466 267 ex
1495 230 1578 267 toto
1609 240 1752 267 sermo-

194 337 196 339 ,
270 296 333 335 nis
362 295 550 334 contextu
580 293 763 344 pendeat.
819 294 921 332 Nam
950 306 998 333 ea
1027 295 1145 334 etiam
1174 294 1310 346 verba,
1339 308 1441 346 quae
1482 295 1533 335 ad
1575 295 1753 335 futurum

271 354 509 417 plerumque
548 365 703 413 tempus
731 364 929 414 spectant,
969 365 1014 402 ut
1055 357 1251 412 ἐλπίζειν
1291 357 1522 413 ἔλπεσθαι,
1549 364 1755 415 praeteriti

270 431 462 481 temporis
491 430 679 470 aoristum
708 430 902 469 interdum
932 431 1102 482 ducunt,
1140 434 1184 471 ut
1211 431 1256 470 ΙΙ.
1287 434 1323 483 7,
1366 434 1443 472 191
1475 426 1666 484 ἔλπομαι
1705 427 1755 470 ἐν

271 498 497 550 Σαλαμῖνι
524 494 734 550 γενέσθαι
763 510 810 536 τε
840 495 1062 550 τραφέμεν
1090 511 1149 538 τε.
1178 512 1215 538 v.
1245 499 1445 539 Pfuhlium
1473 513 1512 550 p.
1543 502 1608 540 20.

314 559 323 571 '
385 560 429 606 (l.
461 566 561 606 Sunt
590 568 721 605 autem
752 579 840 605 cum
870 567 1006 606 aoristi
1025 570 1185 618 praeter
1210 567 1465 607 indicativum
1486 567 1611 607 modis
1639 580 1753 619 prae·

257 635 396 676 'sentis
425 633 530 673 modi
561 634 834 685 comparandi,
869 636 913 673 ut
952 647 1055 685 quae
1096 638 1354 686 utrorumque
1395 639 1538 675 natura
1566 637 1617 675 sit
1646 639 1766 677 recte.

271 703 529 754 intelligatur.
586 689 698 742 Nihil
725 704 855 742 autem
884 702 1050 743 interest
1077 703 1205 755 aliud,
1244 716 1363 755 quam
1394 703 1501 755 quod
1530 703 1634 743 inter
1663 717 1753 755 pro-

271 772 382 822 prias
410 771 547 810 aoristi
578 773 616 809 et
645 770 866 821 praesentis
888 771 1068 810 notiones
1097 772 1290 810 interesse
1312 771 1493 810 diximus.
1541 772 1756 823 Participia

272 837 469 890 quomodo
501 837 685 878 differant
713 851 836 890 supra
856 838 1094 890 explicatum
1125 841 1185 878 est
1215 834 1257 891 (§
1280 841 1302 879 7
1326 833 1379 889 b).
1437 831 1634 887 Γελάσας
1655 835 1754 878 δακ-

272 900 408 960 ρύσας
437 908 595 947 aoristis
626 908 693 959 qui
724 908 869 959 utitur,
910 920 988 959 non
1030 907 1192 947 desiisse
1234 908 1406 958 aliquem
1445 907 1652 947 lacrimare
1689 909 1754 948 vel

271 975 402 1015 ridere
443 975 514 1027 ait,
567 976 640 1031 sed}
677 976 874 1026 coepisse,
918 978 961 1014 ut
1003 977 1106 1015 inter
1145 988 1192 1015 ea
1236 975 1351 1025 etiam
1394 987 1495 1026 quae
1536 978 1756 1027 sequuntur

278 1042 438 1084 affectui
469 1055 557 1082 eum
587 1033 797 1094 indulgere
818 1044 1026 1094 cogitetur.
1083 1043 1272 1094 Ejusdem
1292 1043 1450 1093 generis
1469 1047 1628 1093 praeter
1657 1045 1756 1084 alios

271 1111 416 1150 multos
445 1103 609 1158 βιώσας
640 1111 829 1150 aoristum
851 1122 938 1150 esse
957 1113 1066 1163 puto,
1097 1111 1166 1162 qui
1187 1111 1347 1150 obvenit
1376 1111 1417 1150 in
1438 1103 1550 1150 λάθε
1578 1103 1754 1159 βιώσας.

271 1180 374 1219 Nam
412 1182 524 1219 recte
556 1179 613 1218 H.
644 1178 883 1233 Schmidtius
922 1181 993 1224 der
1030 1179 1181 1228 qriech.
1222 1179 1315 1218 Aor.
1354 1192 1391 1228 p.
1429 1181 1481 1218 23
1523 1183 1668 1231 monet,
1707 1193 1757 1219 ne

273 1248 363 1299 quis
392 1249 521 1287 vertat
562 1247 727 1286 latueris
756 1257 874 1295 quum
912 1248 992 1286 vita
1021 1243 1231 1296 defunctus
1258 1247 1324 1292 six,
1363 1259 1486 1298 quum
1525 1246 1639 1287 aliter
1668 1259 1758 1288 esse

272 1315 510 1355 vertendum
550 1328 597 1354 ex
626 1315 831 1353 Plutarchi
867 1316 1017 1366 libello,
1057 1327 1135 1365 quo
1177 1315 1225 1353 de
1263 1316 1475 1365 praecepto
1517 1315 1584 1354 illo
1614 1316 1761 1366 agitur,

272 1383 526 1436 intelligatur.
583 1382 751 1423 Videtur
779 1382 902 1435 igitur
940 1383 1057 1423 huius
1086 1382 1196 1423 verbi
1226 1383 1407 1435 aoristus,
1436 1395 1559 1434 quum
1590 1396 1679 1424 eum
1709 1385 1757 1425 si-

275 1452 498 1504 gnificaret,
523 1452 591 1503 qui
620 1453 703 1491 vita
732 1451 903 1491 donatus
934 1454 1054 1503 esset,
1095 1464 1178 1490 eam
1208 1452 1327 1503 plane
1358 1452 1555 1502 recepisse
1583 1454 1757 1504 potesta-

279 1524 370 1574 tem,
400 1523 446 1561 ut
473 1521 549 1560 iam
578 1532 666 1559 eum
697 1520 764 1570 qui
794 1520 891 1559 vivit
920 1519 1123 1570 significet.
1182 1520 1269 1570 Quo
1290 1520 1362 1559 hos
1394 1521 1629 1560 contulerim
1649 1521 1757 1561 locos

276 1589 395 1640 Soph.
425 1587 470 1629 Ο.
500 1589 548 1628 Τ.
583 1590 688 1628 1487

536 1648 777 1706 νοούμενος
806 1648 861 1693 τὰ
890 1648 1026 1694 λοιπὰ
1054 1653 1136 1693 τοῦ
1165 1653 1330 1707 πικροῦ
1359 1651 1459 1703 βίου

536 1715 635 1762 οἷον
663 1721 821 1772 βιῶναι
853 1715 952 1773 σφώ
982 1715 1094 1775 πρὸς
1125 1710 1387 1775 ἀνθρώπων
1414 1716 1572 1775 χρεών,

277 1794 317 1831 et
344 1791 532 1832 Aeschin.
559 1792 600 1830 in
631 1792 733 1831 Otes.
754 1804 792 1842 p.
814 1793 878 1843 78,
899 1793 951 1830 33
982 1791 1042 1830 ed.
1063 1791 1197 1842 Steph.
1226 1787 1328 1842 περὶ
1357 1780 1397 1829 6⁰
1418 1780 1758 1845 εὐγνωμοσύνην

277 1855 351 1899 καὶ
391 1852 529 1912 λόγου
572 1852 758 1911 δύναμιν
798 1857 894 1906 πῶς
923 1855 1120 1908 πέφυκε,·
1164 1855 1318 1905 δεινῶς
1347 1855 1566 1911 λέγειν,
1608 1858 1757 1906 κακῶς

276 1924 492 1975 βιῶναι.
1710 1913 1713 1919 '

390 1997 453 2037 De
489 1997 721 2048 imperativo
753 1995 938 2036 disseruit
964 1997 1013 2035 Η.
1042 1994 1301 2047 Schmidtius,
1330 1995 1388 2034 De
1416 1997 1639 2044 imperativi
1669 2000 1758 2035 tem-

269 2065 442 2114 poribus
484 2066 526 2104 in
567 2066 702 2114 linqua
739 2074 909 2114 qraeca,
950 2063 1078 2103 Viteb.
1122 2065 1241 2115 1833,
1283 2076 1361 2114 quo
1401 2063 1448 2111 cf.
1490 2063 1760 2116 Mullachium,

282 2133 437 2173 Griech.
468 2134 575 2183 Spr„
615 2134 655 2172 in
692 2132 1003 2183 encyclopaedia
1030 2132 1079 2171 ab
1109 2132 1275 2170 Erschio
1307 2134 1346 2171 et
1375 2132 1555 2172 Grubero
1585 2132 1692 2171 edita
1720 2146 1761 2184 p.

280 2204 373 2253 118,
393 2204 429 2241 7.
486 2201 603 2242 Falso
632 2200 875 2253 grammatici
905 2200 1041 2240 aoristi
1070 2200 1304 2250 imperativo
1326 2200 1539 2240 celeritatis
1560 2201 1761 2241 notionem

279 2268 487 2309 addebant.
545 2269 670 2318 Quem
711 2281 884 2309 errorem
924 2269 997 2325 etsi
1037 2268 1122 2319 ipse
1153 2268 1251 2308 God.
1281 2269 1532 2308 Hermannus
1568 2269 1665 2309 locis
1695 2269 1762 2308 ali-

278 2340 377 2387 quot
409 2338 563 2388 recepit
600 2333 655 2388 (v.
685 2336 871 2377 Schmidt.
899 2349 938 2387 p.
958 2331 1024 2388 3),
1064 2339 1172 2375 recte
1210 2339 1342 2376 tamen
1382 2336 1449 2375 ille
1484 2337 1764 2376 animadvertit

281 2405 515 2445 observasse
543 2405 798 2456 Apollonium
830 2405 1046 2455 Dyscolum
1085 2403 1340 2455 imperativos
1372 2397 1550 2456 γράψον
1585 2407 1625 2444 et
1662 2411 1762 2443 σκα-

280 2465 412 2522 ψάτοο
441 2466 519 2520 τὰς
541 2463 761 2524 ἀμπέλους
791 2472 865 2513 hoc
896 2472 1054 2512 differre
1076 2485 1100 2511 a
1118 2472 1339 2522 praesentis
1359 2473 1603 2523 imperativis
1622 2465 1764 2525 γράφε

279 2542 319 2580 et
349 2537 570 2590 σκαπέτω,
601 2542 719 2593 quod,
749 2553 870 2592 quum
890 2541 1132 2591 imperativis
1162 2534 1383 2592 praesentis
1403 2540 1548 2592 aliquis
1577 2541 1763 2581 iubeatur

279 2608 363 2648 istis
391 2611 562 2661 negotiis
591 2612 870 2661 occupatus
899 2595 1033 2661 ess‘e,
1062 2609 1199 2648 aoristi
1227 2610 1477 2660 praecipiant
1506 2622 1553 2649 ea
1581 2610 1763 2650 absol-

279 2688 403 2717 vere
422 2672 516 2739 ·(vel
544 2672 767 2729 perficere).
826 2676 941 2726 Quod
970 2688 1067 2716 sane
1098 2677 1311 2717 discrimen
1343 2689 1366 2716 a
1386 2677 1601 2718 Schmidtio
1630 2677 1762 2729 impri-

281 2745 352 2784 mis
389 2747 547 2797 prolato
584 2747 688 2795 inter
722 2746 855 2785 aoristi
896 2748 935 2784 et
973 2746 1194 2796 praesentis
1232 2745 1507 2797 imperativum
1543 2746 1764 2786 intercedit.
