2046 3272
899 166 1153 207 -2-

276 284 342 335 pia
378 285 622 334 augerentur
652 284 691 322 ct
727 283 901 334 propriis
940 286 1173 323 notarentur
1213 282 1428 321 formarum
1467 280 1767 322 discriminibus.
1952 319 1993 330 „
2019 229 2046 372 ξ

278 352 389 400 Quae
430 352 593 401 linguae
636 351 892 401 amplificatio
941 364 987 390 eo
1029 363 1155 401 usque
1202 351 1413 401 processit,
1454 350 1547 389 dum
1588 350 1766 388 homines
1920 339 1925 349 ⁴
1996 361 2046 401 ³:²2⁴

267 420 422 459 iustam
464 419 662 470 quandam
703 420 1006 470 naturalemque
1048 417 1247 468 cogitandi
1288 418 1520 458 facultatem
1563 417 1767 457 consecuti
1972 400 2003 428 ‘²³

277 491 388 538 sunt,
429 490 474 526 ut
503 499 607 537 quae
638 491 800 538 praesto
832 491 945 527 erant
975 487 1258 526 vocabulorum
1294 486 1445 526 formae
1481 488 1569 525 usui
1599 487 1764 536 loquen-

280 557 380 596 tium
411 554 655 595 sufficerent.
713 556 825 596 Haec
855 558 941 596 erat
971 558 1078 595 aetas
1108 555 1174 593 illa
1204 554 1494 607 antiquissima,
1524 567 1615 606 qua,
1644 566 1766 605 quum

278 625 434 664 mobilis
465 628 570 663 esset
599 625 757 676 lingua,
792 637 912 664 voces
943 626 1127 663 inventae
1158 627 1250 662 sunt
1281 623 1577 674 formarumque
1611 624 1650 662 in
1681 608 1771 661 ver-⁴

278 694 338 733 bis
369 688 675 742 nominibusque
706 694 880 732 varietas
920 693 1077 732 exstitit.
1137 691 1213 739 Qui
1254 691 1331 730 iam
1371 692 1410 730 in
1450 692 1588 743 lingua
1627 703 1766 741 seque-

279 762 397 800 batur
436 772 695 811 progressus,
734 774 813 800 non
854 766 934 800 tam
966 762 1004 799 in
1036 761 1148 799 novis
1178 761 1344 799 vocibus
1374 759 1610 811 formandis,
1648 770 1767 809 quam

278 830 318 867 in
349 827 571 867 excolenda
600 829 814 867 verborum
844 829 1003 878 syntaxi
1033 829 1130 867 situs
1162 831 1257 866 erat.
1714 879 1718 884 .

391 897 526 946 Atque
556 895 597 934 id
628 899 715 935 erat
744 897 906 946 linguae
928 896 1145 946 exordium,
1175 898 1230 945 ut,
1260 896 1292 934 si
1322 895 1419 945 quid
1450 896 1490 934 in
1520 908 1651 934 rerum
1682 896 1766 934 uni-

279 965 468 1004 versitate
499 965 754 1016 occurrebat,
785 964 894 1015 quod
925 963 1206 1014 significatIOne
1236 963 1440 1002 videretur
1470 963 1650 1015 dignum,
1678 976 1766 1014 pro-

278 1033 410 1083 prium
441 1032 492 1071 ad
523 1032 563 1071 id
594 1033 898 1083 exprimendum
930 1033 1146 1083 fingeretur
1176 1033 1294 1071 unius
1322 1033 1556 1082 plerumque
1586 1033 1768 1083 syllabae

278 1101 529 1139 vocabulum.
589 1100 701 1147 Quae
741 1113 862 1139 voces
902 1102 1158 1151 principales,
1198 1113 1297 1150 quas
1337 1100 1494 1139 radices
1523 1089 1769 1150 grammatici

278 1168 603 1218 nominaverunt,
643 1170 712 1206 aut
748 1180 831 1207 rem
862 1168 1036 1218 aliquam
1067 1169 1192 1207 oculis
1229 1168 1446 1206 subiectam
1476 1170 1546 1206 aut
1575 1168 1768 1207 actionem

281 1239 350 1275 aut
382 1236 561 1286 corporis
582 1236 648 1274 vel
678 1236 797 1274 animi
829 1237 1013 1275 affectum
1043 1235 1331 1287 significabant,
1362 1236 1449 1274 aliis
1472 1235 1768 1275 demonstrandi

278 1304 339 1343 vis
370 1305 518 1355 inerat,
549 1304 637 1342 aliis
668 1304 758 1343 alia.

392 1372 623 1410 Proximum
660 1372 755 1411 inde
787 1375 873 1410 erat
902 1373 941 1410 in
971 1371 1350 1421 Indogermanorum
1381 1373 1533 1422 lingua,
1573 1374 1617 1410 ut
1647 1384 1768 1421 quum

279 1443 398 1480 antea
418 1440 617 1480 vocabula
647 1440 773 1479 solum
796 1440 983 1479 distincta
1013 1442 1154 1490 essent,
1183 1440 1260 1478 iam
1290 1439 1450 1478 ordines
1481 1451 1617 1479 eorum
1641 1439 1769 1479 forma

280 1509 622 1559 discernerentur,
652 1509 815 1548 nomina
843 1509 1032 1559 imprimis
1062 1512 1100 1547 et
1130 1509 1272 1559 verba,
1300 1508 1384 1558 vel,
1420 1511 1464 1547 ut
1494 1508 1635 1547 Graeci
1665 1508 1769 1547 dice-

278 1579 392 1628 bant,
433 1569 604 1628 ῥήματα
636 1579 675 1614 et
704 1566 914 1626 ὀνόματα.
976 1575 1052 1623 Qui
1090 1577 1346 1626 gravissimus
1387 1577 1427 1614 in
1464 1588 1644 1615 sermone
1681 1589 1770 1626 pro-

278 1656 440 1697 gressus
471 1658 495 1684 a
524 1644 649 1683 verbo
691 1643 899 1695 profectus
939 1655 1025 1683 esse
1054 1644 1222 1683 videtur.
1282 1644 1412 1692 Quum
1443 1645 1545 1683 enim
1582 1656 1629 1683 ea
1665 1646 1772 1684 esset

281 1714 394 1753 verbi
426 1716 586 1764 natura,
626 1716 671 1751 ut
702 1724 806 1763 quae
837 1713 967 1751 inerat
992 1713 1161 1751 'actionis
1192 1713 1299 1751 notio
1318 1712 1382 1766 'ad
1421 1715 1569 1751 certam
1598 1713 1769 1762 aliquam

278 1794 491 1833 personam
524 1782 589 1820 vel
620 1781 672 1820 ad
701 1781 838 1832 plures
869 1780 1102 1831 referretur,
1143 1781 1239 1819 nihil
1277 1784 1337 1820 est
1366 1781 1525 1832 mirum,
1566 1780 1673 1832 quod
1702 1793 1769 1820 vo-

279 1850 443 1901 cabula,
484 1861 588 1899 quae
627 1850 719 1887 huic
758 1849 941 1887 relationi
972 1843 1212 1899 serviebant,
1252 1849 1487 1899 pronomina
1517 1849 1623 1887 dico·
1635 1861 1770 1899 perso-

279 1918 404 1968 nalia,
445 1930 535 1956 cum
565 1918 680 1956 verbi
711 1917 847 1955 radice
878 1917 917 1954 in
956 1929 1073 1954 unam
1109 1917 1443 1967 coniungerentur
1474 1929 1623 1956 vocem.
1682 1917 1772 1965 Qua

278 1997 322 2025 re
352 1985 500 2024 factum
532 1988 610 2036 est,
650 1988 704 2035 ut,
736 1996 859 2034 quum
890 1986 1007 2021 antea
1035 1985 1157 2022 verba
1193 1988 1232 2022 et
1261 1985 1420 2023 nomina
1455 1997 1586 2034 neque
1621 1985 1770 2024 formae

280 2054 413 2105 specie
445 2053 653 2093 differrent
683 2064 815 2103 neque
855 2052 1016 2090 notione
1055 2051 1110 2090 ita
1148 2054 1311 2092 strenue
1341 2052 1644 2104 distinerentur,
1685 2065 1770 2092 ver-

280 2123 437 2172 borum,
476 2123 622 2171 quibus
663 2121 824 2160 additae
862 2120 1136 2169 pronominum
1176 2122 1368 2170 reliquiae
1396 2122 1601 2169 ¹communi
1632 2124 1771 2160 'essent

282 2191 417 2241 signo,
454 2190 644 2241 proprius
674 2189 888 2228 exsisteret
919 2187 1016 2227 ordo
1046 2200 1069 2226 a
1099 2188 1263 2238 reliquis
1293 2189 1500 2228 vocabulis
1529 2189 1616 2240 ipsa
1645 2189 1771 2228 forma

281 2258 516 2296 disiunctus.
576 2258 698 2297 Simili
728 2256 845 2295 modo
875 2256 1035 2294 nomina
1065 2269 1223 2306 quoque
1255 2258 1372 2296 certis
1402 2261 1540 2296 notata
1569 2261 1661 2296 sunt
1690 2258 1770 2296 suf-

281 2324 387 2376 fixis,
428 2325 572 2375 quibus
609 2336 774 2364 casuum
805 2324 986 2362 notiones
1022 2322 1350 2374 significarentur.
1409 2325 1510 2375 Ipsis
1548 2328 1678 2364 autem
1709 2337 1769 2363 ra-

280 2393 434 2432 dicibus
475 2406 585 2432 mera
625 2393 690 2431 vel
730 2392 845 2430 verbi
885 2392 949 2430 vel
991 2393 1176 2442 nominis,
1216 2393 1256 2431 id
1297 2396 1357 2431 est
1397 2393 1564 2432 actionis
1603 2393 1670 2432 vel
1712 2393 1770 2432 rei

280 2461 511 2500 remanebat
539 2463 729 2511 potestas.

394 2529 470 2569 Sed
513 2541 634 2580 quum
676 2529 873 2568 rationem
917 2527 1062 2576 ubique
1102 2528 1385 2567 vocabulorum
1426 2528 1563 2568 formis
1596 2529 1769 2568 =subesse

281 2597 501 2649 videamus,
540 2611 591 2637 ne
621 2597 904 2637 obliviscamur
939 2595 1047 2633 aliud
1086 2596 1201 2634 etiam
1237 2596 1358 2648 idque
1392 2597 1500 2636 haud
1530 2597 1644 2647 parvi
1673 2610 1770 2648 pon-

281 2665 390 2704 deris
421 2669 659 2705 momentum
702 2666 743 2704 in
784 2664 1021 2703 formatione
1060 2676 1195 2703 eorum
1237 2666 1489 2705 statuendum
1521 2677 1624 2716 esse,
1664 2666 1771 2715 quod

280 2733 466 2784 positum>
497 2736 555 2772 est
594 2733 635 2772 in
678 2732 915 2772 elocutione.
974 2731 1131 2782 Lingua
1170 2733 1272 2771 enim
1312 2744 1434 2783 quum
1475 2733 1646 2783 cogitata
1667 2724 1801 2782 pro-⁴

282 2802 534 2853 nuntientur,
582 2800 869 2852 pronuntiandi
911 2811 1070 2850 quoque
1120 2801 1158 2838 in
1205 2800 1421 2840 formandis
1462 2801 1627 2840 vocibus
1668 2802 1769 2841 ratio
