2046 3272
1006 162 1286 217 420.-

398 291 550 343 duplex
601 291 727 332 forma
766 292 978 344 prodierit,
1028 294 1154 333 altera
1201 294 1460 345 praesentis,
1488 294 1615 333 altera
1662 294 1798 334 aoristi
1845 295 1888 334 vi

397 361 589 412 praedita.
651 378 652 382 ¹

509 429 733 468 Praesentis
762 430 953 479 temporis
986 430 1156 469 aoristus
1174 442 1273 479 ‘esse
1304 430 1453 480 nequit.
1503 430 1634 478 Quum
1655 431 1757 469 enim
1781 444 1885 482 quae

397 498 437 536 in
468 497 570 536 illud
598 496 826 535 referuntur
856 496 1012 547 durent,
1045 498 1192 536 aoristo
1223 500 1353 536 autem
1384 509 1485 548 quae
1516 498 1660 537 durare
1679 497 1886 548 finguntur

398 578 479 604 non
517 565 809 615 contineantur,
850 564 974 603 solius
1013 566 1237 614 praesentis
1276 577 1369 604 usus
1398 577 1485 605 esse
1523 567 1695 617 poterat,
1735 566 1885 618 quippe

401 645 481 684 quo
512 632 659 672 durans
702 631 948 682 significetur
987 632 1104 671 actio.
1161 633 1326 672 Accedit
1365 633 1472 684 quod
1510 645 1556 672 ea
1595 646 1698 684 quae
1739 634 1884 673 durare

401 702 649 750 cogitabatur
669 701 790 751 actio,
821 701 853 738 si
874 700 926 738 ad
946 702 1196 750 praesentem
1226 702 1425 751 loquentis
1454 704 1598 740 statum
1627 702 1887 753 referebatur,

398 768 619 820 praesentis
637 767 794 808 omnino
815 767 983 808 actionis
1003 768 1203 808 notionem
1222 768 1338 808 facile
1357 768 1510 809 ferebat
1523 769 1606 815 (v.§
1621 771 1708 816 5a).
1749 770 1883 822 Atque

401 850 524 888 quum
554 849 602 875 ea
631 832 735 875 esset
764 836 970 875 indicativi
1003 837 1108 876 modi
1137 839 1291 888 natura,
1320 840 1364 876 ut
1391 840 1554 888 praeter
1574 839 1741 877 actionis
1760 839 1885 877 notio·
1943 851 1948 857 ·

400 918 490 945 nem
519 905 584 944 vel
612 905 820 955 praeteriti
856 905 1059 956 temporis,
1088 905 1156 944 ubi
1198 908 1450 956 augmentum
1480 908 1552 957 est,
1592 906 1659 945 vel
1699 917 1883 957 praesen-

398 974 462 1024 tis,
491 973 558 1012 ubi
588 986 668 1012 non
699 977 770 1024 est,
799 971 1129 1022 significationem
1149 974 1384 1023 plerumque
1414 973 1592 1025 haberet,
1622 977 1797 1013 remotus
1828 977 1886 1013 est

400 1042 469 1092 qui
498 1043 711 1091 augmento
743 1043 900 1081 careret
930 1041 1066 1081 aoristi
1095 1035 1347 1081 indicativus.

512 1111 654 1160 Neque
683 1110 723 1147 in
752 1108 887 1148 futuro
917 1109 1054 1148 aoristi
1076 1112 1116 1148 et
1143 1110 1366 1160 praesentis
1395 1110 1576 1150 notiones
1606 1111 1726 1150 variis
1756 1110 1886 1150 seiun-

401 1181 486 1216 ctae
508 1180 602 1216 sunt
620 1177 768 1215 formis.
812 1177 954 1216 Futuri
974 1178 1078 1215 enim
1099 1178 1287 1227 temporis
1308 1190 1387 1216 non
1408 1178 1572 1217 eandem
1600 1179 1775 1218 habitam
1796 1191 1885 1218 esse

400 1246 594 1285 rationem
625 1257 744 1295 quam
773 1245 979 1296 praeteriti
1009 1257 1132 1295 supra
1162 1245 1526 1285 demonstravimus.
1565 1246 1647 1285 Aut
1674 1246 1795 1298 igitur
1823 1258 1886 1285 su-

401 1316 631 1364 scepturum
651 1313 716 1351 vel
736 1313 970 1352 effecturum
1001 1325 1061 1352 me
1083 1313 1235 1363 aliquid
1265 1325 1351 1352 esse
1381 1316 1450 1352 aut
1467 1314 1627 1364 negotio
1657 1315 1791 1365 aliquo
1822 1326 1884 1353 me

400 1384 638 1432 occupatum
663 1381 713 1419 iri
742 1380 877 1419 futuro
899 1380 1042 1432 indico,
1072 1383 1116 1419 ut
1146 1373 1305 1433 γράψω
1335 1374 1415 1433 τὴν
1445 1374 1682 1434 ἐπιστολήν
1711 1384 1781 1421 aut
1809 1393 1881 1432 per

401 1451 603 1500 epistolam
630 1436 838 1488 scribendo
869 1449 1066 1487 absolvam
1096 1452 1164 1488 aut
1192 1462 1265 1500 per
1291 1451 1455 1498 epistola
1474 1451 1685 1489 scribenda
1714 1460 1887 1499 occupa-

403 1522 463 1557 tus
493 1529 561 1558 ero
590 1518 789 1557 vertenda
809 1518 898 1556 sint.
938 1517 1017 1556 Sed
1039 1529 1160 1567 quum
1190 1517 1324 1556 futura
1344 1518 1446 1557 actio
1468 1517 1604 1557 aoristi
1634 1521 1673 1557 et
1700 1529 1886 1568 praesen-

400 1587 450 1627 tis
481 1587 732 1635 coniunctivo
764 1588 804 1625 et
829 1585 1066 1636 imperativo
1097 1586 1246 1635 ubique
1266 1586 1370 1636 insit,
1401 1586 1578 1635 optativo
1599 1589 1730 1625 autem
1759 1586 1888 1625 inesse

401 1656 543 1706 possit,
578 1666 781 1705 quumque
809 1652 1028 1692 infinitivus
1058 1653 1174 1691 etiam
1204 1655 1243 1692 et
1271 1653 1524 1703 participium
1554 1653 1661 1693 modi
1699 1653 1889 1703 temporis

402 1724 563 1762 notione
592 1734 666 1772 per
696 1734 738 1760 se
769 1722 927 1760 omnino
958 1721 1078 1760 soluti
1109 1722 1150 1758 in
1180 1720 1313 1759 futuro
1344 1732 1462 1771 saepe
1483 1724 1663 1771 tempore
1678 1723 1890 1772 ponantur,

403 1794 471 1829 aut
501 1802 598 1841 eam,
633 1790 666 1829 si
697 1789 942 1840 reliquorum
971 1790 1134 1838 praeter
1168 1788 1426 1826 indicativum
1443 1787 1661 1828 ’modorum
1691 1800 1787 1827 usus
1818 1791 1889 1840 est,

401 1860 599 1899 actionem
628 1858 801 1897 futuram
831 1869 919 1896 esse
950 1854 1209 1907 significatur,
1240 1869 1343 1907 quae
1372 1856 1526 1908 aoristi,
1555 1859 1625 1896 aut
1654 1869 1754 1908 eam,
1785 1867 1888 1908 quae
1950 1892 1953 1897 ,

400 1927 624 1978 praesentis
653 1926 732 1965 vim
763 1926 958 1965 exhibeat.

514 1995 643 2034 Solius
673 1994 796 2045 igitur
831 1993 1020 2044 temporis
1059 1992 1278 2042 praeteriti,
1320 2005 1441 2042 quum
1484 2006 1565 2031 una
1603 1995 1721 2031 antea
1750 1992 1891 2032 fuisset

402 2063 540 2114 forma,
571 2062 622 2101 ad
653 2074 771 2113 quam
810 2060 1038 2111 fingendam
1068 2059 1193 2097 radici
1222 2060 1285 2097 vel
1314 2060 1426 2112 stirpi
1464 2060 1766 2111 pronominibus
1797 2072 1886 2110 per-

400 2131 602 2171 sonalibus
632 2133 774 2169 auctae
801 2128 1125 2180 praeponebatur
1154 2130 1419 2179 augmentum,
1457 2129 1533 2167 iam
1564 2128 1643 2167 duo
1672 2126 1766 2166 facti
1798 2130 1890 2166 sunt

400 2199 618 2246 indicativi,
647 2196 922 2248 imperfectum
952 2198 992 2235 et
1019 2194 1258 2235 indicativus
1287 2195 1434 2247 amisti,
1464 2208 1586 2246 quum
1614 2195 1816 2247 praesenti
1846 2196 1886 2234 et

402 2266 548 2307 aoristo
578 2267 835 2317 augmentum
865 2264 1090 2305 adderetur.

1099 2367 1123 2410 ἓ
1162 2366 1198 2405 5.

976 2443 1046 2487 De
1076 2441 1308 2497 perfecto.

516 2548 554 2579 a.
612 2539 747 2580 Tertia
776 2542 937 2592 praeter
967 2538 1158 2578 aoristum
1189 2538 1228 2576 et
1256 2548 1445 2588 praesens
1465 2537 1633 2589 perfecti
1663 2537 1783 2588 stirps
1813 2538 1885 2590 est,

403 2609 515 2646 cuius
564 2610 720 2659 signum
768 2609 809 2645 in
850 2607 1168 2657 reduplicatione
1208 2606 1380 2655 positum
1419 2609 1488 2645 est.
1559 2606 1888 2655 Reduplicatione

403 2681 533 2717 autem
572 2676 613 2716 id
643 2676 760 2730 effici,
802 2679 846 2717 ut
874 2675 984 2716 verbi
1025 2676 1203 2726 potestas
1233 2673 1366 2725 aliquo
1406 2673 1521 2715 modo
1564 2675 1760 2725 augeatur
1799 2685 1891 2714 con-

402 2748 492 2785 stat.
549 2746 730 2795 Namque
771 2745 978 2796 multiplex
1019 2744 1105 2783 eius
1146 2746 1229 2782 erat
1269 2754 1385 2791 usus,
1434 2746 1479 2782 ut
1520 2756 1599 2783 non
1638 2744 1679 2782 in
1710 2742 1889 2794 perfecto

402 2814 544 2867 solum,
584 2814 654 2853 sed
684 2815 724 2854 in
755 2814 922 2864 reliquis
952 2813 1069 2853 etiam
1099 2812 1342 2863 temporibus
1381 2812 1513 2851 locum
1542 2811 1716 2851 haberet.
1774 2811 1891 2852 Prae-
