2046 3272
1014 110 1270 152 ..8-

393 225 533 266 futuro
567 223 787 265 adhibitum
820 228 890 266 est.
948 216 1050 267 Nam
1081 240 1184 279 quae
1213 228 1254 267 in
1284 227 1419 268 futu‘ro
1456 229 1636 281 tempore
1665 231 1767 271 actio
1806 233 1885 272 sta-

394 295 532 345 tuitur,
561 306 642 332 non
672 293 803 332 minus
834 306 960 346 quam,
987 297 1204 345 praeterita
1231 296 1281 334 de
1310 298 1517 347 praesenti*
1546 298 1746 348 loquentis
1776 301 1884 338 statu
1899 293 1908 301 '⁴
1936 302 1939 307 '

397 364 552 403 remota
583 363 654 402 est.
713 360 837 414 enjus
878 364 1011 404 tamen
1040 364 1097 404 rei
1137 376 1257 404 causa
1295 364 1336 403 in
1374 365 1587 417 propatulo
1627 368 1710 406 est„
1754 366 1883 417 Quum

397 432 499 469 enim
531 443 579 470 ea
609 433 715 469 esset
743 430 868 469 futuri
899 434 1063 483 natura,
1092 435 1136 471 ut
1165 445 1243 471 non
1265 433 1388 471 futuri
1418 434 1543 472 solum
1574 435 1645 472 sed
1664 437 1885 484 praesentis

394 489 512 538 etiam
549 498 738 549 temporis
768 502 891 552 esset,
932 501 1067 540 nullus
1096 501 1136 540 in
1167 514 1212 540 eo
1244 512 1330 540 esse
1363 503 1521 552 poterat
1548 505 1748 554 augmenti
1778 517 1884 545 usus.

508 566 717 605 Invenitur
736 569 884 614 tamen,
915 569 955 606 ni
985 568 1115 619 fallor,
1142 571 1394 618 augmentum
1420 570 1474 607 ita
1503 571 1618 609 etiam
1639 574 1884 623 usurpatum,

394 638 438 675 ut
469 635 574 675 actio
605 647 687 674 11011
717 635 757 674 in
789 637 945 686 tempus
975 637 1231 687 praeteritum
1256 636 1530 689 transferatur,
1560 639 1630 678 sed
1659 640 1736 680 alio
1766 640 1881 680 modo

399 716 423 741 a
452 702 654 753 loquentis
674 704 778 741 statu
800 706 1065 742 removeatur.
1124 704 1244 743 Cuius
1264 716 1361 742 usus
1390 705 1466 743 tria
1487 707 1696 745 statuimus
1725 720 1883 757 genera.

507 768 548 810 b.
596 770 773 811 Primum
795 774 868 823 est,
898 773 931 811 si
951 773 1288 822 augmentumita
1308 773 1529 826 adhibetur,
1559 778 1603 814 ut
1632 776 1739 826 quod
1761 776 1882 823 verbo

395 840 638 890 continetur·
660 842 823 891 praesto
864 853 943 879 non
976 853 1063 879 esse
1104 841 1308 893 indicetur,
1347 841 1387 880 id
1427 843 1535 893 quod
1566 844 1604 882 in
1643 839 1882 894 imperfectis

393 908 664 959 hypotheticis
685 909 877 959 imprimis
899 912 938 947 et
963 910 1003 947 in
1035 904 1219 961 (ὢχρῆν,
1250 904 1336 947 ἔδει
1356 911 1596 961 imperfectis
1624 913 1674 950 ad
1694 925 1883 962 praesens

396 981 553 1027 tempus
583 975 719 1016 relatis
748 988 823 1016 usu
854 976 991 1016 venire
1022 977 1305 1017 contendimus.

506 1044 585 1092 Qui
616 1039 837 1095 imperfecti
867 1057 964 1084 usus
995 1045 1101 1095 apud
1131 1046 1345 1084 Homerum
1376 1059 1454 1084 non
1486 1048 1711 1098 invenitur3
1741 1049 1892 1098 imper-'

391 1113 499 1152 fecta
528 1112 631 1151 enim
670 1112 900 1162 ubicunque
940 1112 980 1151 in
1011 1113 1219 1152 enuntiatis
1259 1113 1527 1165 hypotheticis
1566 1118 1791 1167 occurrunt,
1832 1116 1883 1156 ad

393 1181 653 1231 praeteritum
683 1182 842 1229 tempus
871 1180 1110 1231 referuntur,
1141 1184 1184 1219 ut
1213 1182 1330 1220 solita
1359 1183 1450 1220 insit
1480 1184 1680 1232 augmenti
1710 1186 1781 1223 vis.
1811 1186 1883 1223 Est

392 1249 618 1300 imperfecti
640 1248 748 1299 apud
768 1261 858 1287 eum
887 1248 975 1287 loco
997 1249 1194 1299 optativus
1223 1251 1450 1299 praesentis.
1510 1251 1631 1290 Cuius
1661 1252 1882 1303 imperfecti

392 1320 617 1368 augmento,
648 1330 771 1368 quum
801 1330 880 1356 non
902 1319 1104 1367 praeteriti
1135 1318 1203 1356 sed
1225 1320 1447 1369 praesentis
1476 1321 1664 1370 temporis
1692 1322 1753 1371 sit,
1783 1321 1882 1360 indi-

393 1389 505 1425 catur
536 1385 576 1424 id
608 1385 716 1435 quod
748 1385 870 1424 verbo
901 1377 1152 1434 praedicetur
1181 1389 1341 1436 praesto
1371 1399 1511 1426 revera
1540 1400 1620 1434 non
1651 1400 1748 1426 esse.
1783 1389 1883 1428 Sunt

391 1455 513 1505 igitur
543 1453 737 1493 eiusmodi
762 1453 993 1504 imperfecta
1013 1455 1278 1504 praesentium
1307 1456 1393 1494 loco
1414 1456 1607 1507 ducenda,
1637 1469 1740 1506 quae
1761 1470 1883 1506 quum

391 1524 647 1573 augmentum
688 1522 929 1572 receperint,
975 1521 1293 1572 imperfectorum
1345 1522 1492 1562 formas
1539 1521 1712 1563 tulerint.
1771 1524 1884 1573 Quae

390 1591 688 1641 augmentifvis
720 1591 858 1629 eodem
889 1592 974 1629 iure
1007 1604 1054 1629 ex
1085 1592 1294 1642 principali
1327 1593 1411 1631 eius
1452 1593 1614 1631 notione
1653 1597 1794 1632 exorta
1824 1597 1884 1632 est

390 1671 469 1711 quo
500 1658 703 1711 praeteriti
723 1658 916 1709 temporis
937 1657 1187 1709 significatio.
1218 1659 1363 1698 Aoristi
1391 1662 1522 1699 autem
1553 1661 1619 1711 qui
1641 1661 1745 1700 idem
1775 1661 1882 1701 vide-

389 1731 456 1766 tur
485 1739 574 1765 esse
612 1729 652 1765 et
681 1726 790 1777 apud
831 1727 1045 1765 Homerum
1077 1730 1115 1765 et
1156 1727 1262 1776 apud
1284 1729 1544 1781 Jeeentiores
1584 1740 1694 1779 usuS,
1734 1742 1813 1780 quo
1844 1733 1883 1768 et

389 1796 490 1848 ipso,
521 1808 624 1846 quae
654 1807 798 1835 revera
827 1794 935 1834 facta
965 1808 1044 1835 non
1076 1798 1178 1847 sunt,
1209 1796 1425 1847 praeterito
1456 1797 1496 1835 in
1527 1799 1704 1848 tempore
1729 1811 1882 1849 ponun-

390 1867 475 1915 tur,
505 1877 585 1903 non
618 1864 797 1903 eiusdem
828 1864 988 1914 generis
1019 1865 1225 1903 habendus
1256 1867 1324 1903 est.
1374 1865 1532 1904 Aoristo
1564 1866 1667 1903 enim
1698 1879 1744 1904 ea
1772 1868 1882 1907 notio

390 1946 469 1972 non
502 1946 551 1972 ex
582 1934 796 1983 augmento
818 1932 987 1984 accedit,
1018 1932 1086 1971 sed
1110 1933 1214 1982 quod
1238 1933 1416 1972 condicio
1442 1934 1585 1985 aliqua,
1616 1947 1717 1985 quae
1747 1934 1882 1974 ficta'm

388 2002 505 2041 modo
538 2014 667 2051 neque
697 2000 844 2039 factam
876 2012 957 2038 rem
980 2001 1435 2053 continet‚·adiungitur‚
1464 2005 1508 2041 ut
1538 2015 1585 2041 ea
1618 2003 1746 2053 etiam,
1778 2015 1882 2052 quae

391 2072 538 2110 aoristo
569 2071 718 2121 insunt,
759 2069 864 2108 facta
894 2082 974 2107 non
1007 2081 1091 2108 esse
1121 2070 1354 2110 indicentur.
1414 2072 1474 2109 Ex
1505 2083 1586 2121 qua
1614 2072 1719 2110 inter
1748 2062 1908 2111 aoristi*

390 2142 429 2177 et
459 2138 681 2188 imperfecti
713 2150 827 2175 usum
861 2136 1176 2176 dissimilitudine
1208 2138 1452 2188 intelligitur,
1483 2151 1554 2176 cur
1583 2139 1622 2176 in
1645 2139 1882 2178 carminibus

392 2206 628 2257 Homericis,
659 2217 781 2256 quum
812 2204 1003 2253 frequens
1035 2205 1085 2244 sit
1115 2205 1261 2256 aoristi,
1298 2206 1402 2245 absit
1436 2206 1657 2257 imperfecti
1687 2206 1736 2245 de
1771 2220 1881 2257 prae-

392 2274 495 2314 senti
523 2275 702 2326 tempore
722 2272 906 2324 usurpati
928 2284 1033 2311 usus.
1065 2272 1273 2324 Optativus
1295 2277 1424 2314 autem
1447 2273 1515 2325 qui
1535 2273 1756 2324 imperfecti
1775 2275 1882 2325 apud

390 2345 608 2383 Homerum
630 2344 719 2382 loco
751 2345 822 2394 est,
853 2354 901 2381 ea
932 2341 980 2380 de
1003 2355 1045 2380 re
1067 2343 1229 2382 similem
1247 2345 1281 2381 ei
1302 2344 1537 2382 sententiam
1560 2343 1732 2394 exhibet,
1762 2344 1881 2396 quod,

391 2424 514 2462 quum
545 2412 762 2463 cogitatum
793 2423 839 2450 eo
861 2409 1089 2461 proferatur
1119 2412 1224 2460 quod
1256 2412 1357 2451 sitne
1388 2424 1521 2451 annon
1546 2411 1587 2450 in
1613 2412 1739 2468 medio
1761 2413 1881 2462 plane

387 2480 640 2533 relinquitur,
671 2493 718 2520 ea
748 2480 865 2520 etiam
896 2479 1023 2531 possit
1053 2478 1288 2532 significare,
1318 2493 1423 2531 quae
1453 2492 1593 2520 revera
1623 2492 1702 2519 non
1734 2481 1823 2520 sint.

502 2557 541 2588 c.
600 2550 782 2588 Alterum
831 2551 893 2586 est
933 2559 1060 2598 genus
1101 2549 1232 2598 aliqua
1275 2561 1323 2587 ex
1364 2552 1477 2598 parte
1519 2548 1610 2586 huic
1652 2549 1796 2600 simile,
1846 2550 1879 2587 si

388 2618 525 2658 aoristi
555 2617 770 2657 indicativo
800 2616 915 2656 fictae
951 2616 1068 2655 modo
1107 2629 1171 2657 res
1202 2630 1384 2668 quaeque
1425 2619 1605 2668 tempore
1645 2617 1799 2657 solutae
1838 2618 1879 2656 in

389 2685 630 2736 cogitatione
660 2685 777 2724 modo
798 2686 1011 2724 versantur
1033 2684 1302 2735 proferuntur.
1362 2686 1439 2733 Qui
1477 2696 1576 2723 usus
1605 2685 1646 2723 in
1677 2687 1878 2734 compara-

388 2753 562 2793 tionibus
592 2753 783 2804 imprimis
813 2752 1035 2793 Homericis
1065 2751 1282 2805 invenitur,
1321 2766 1444 2804 quum
1480 2765 1584 2804 quae
1623 2751 1878 2804 comparandi
