2046 3272
885 105 1167 147 -394

276 220 482 262 'raclctritt
516 221 602 259 und
625 230 715 259 «nur
754 222 814 260 als
851 223 914 260 εἰη
955 221 1239 272 aufqehobenes
1278 222 1446 262 Moment
1486 224 1537 261 im
1568 222 1767 261 Zustande

208 330 210 341 χ
241 292 244 294 ’
289 282 572 338 zura'clcbleibt,
602 301 637 328 z.
666 290 711 328 B.
742 285 902 343 γέγηθε
933 285 982 329 δέ·
1008 302 1056 329 τε
1085 286 1227 344 φρένα
1255 284 1399 344 Λητώ.

400 358 552 399 Statum
582 360 651 397 aut
677 358 796 397 talem
827 371 911 399 esse
942 358 1111 399 diximus
1150 355 1193 412 (§
1224 361 1248 400 5
1278 354 1334 413 d),
1373 361 1439 412 qui
1468 361 1509 400 in
1539 360 1767 400 continuata

289 427 444 477 actione
475 428 642 477 constet,
671 428 715 465 ut
744 427 813 477 qui
840 427 881 465 in
910 423 1079 480 γέγηθα
1108 430 1235 467 status
1265 432 1343 480 est,
1373 431 1550 468 exortam
1578 428 1764 468 laetitiam

291 495 487 547 sequitur,
525 496 595 533 aut
632 494 766 547 talem,
814 495 882 546 qui
921 495 1101 536 absoluta
1137 497 1291 536 actione
1332 495 1500 537 efficitur
1538 491 1767 550 (κέκτημαι

291 563 356 603 ich
374 561 487 601 ‘habe
516 561 732 611 ermorben,
761 561 928 609 besitze;
957 555 1056 602 οἶδα
1086 558 1260 615 ἔγνωκα
1289 567 1464 613 coqnovi,
1491 559 1611 616 novi).
1669 566 1765 604 Ter-

287 632 383 673 tium
413 632 473 671 est
500 642 650 683 genus,
690 631 722 670 si
750 630 897 670 factum
937 631 1098 683 aliquod
1128 645 1176 672 ea
1204 633 1331 673 solum
1373 626 1424 674 de
1453 646 1575 674 causa
1601 633 1766 685 ponitur

287 698 477 751 perfecto,
506 698 613 749 quod
642 699 813 738 refertur
842 699 895 739 ad
924 700 1144 739 subiectum
1173 701 1240 739 vel
1270 700 1319 740 de
1349 714 1395 740 eo
1424 701 1692 758 praedicatur,
1721 704 1765 740 ut

289 766 361 808 Od.
391 769 457 820 29,
487 769 539 808 86

424 822 461 873 ὦ
490 828 645 874 πόποι·
676 822 702 887 ἦ
733 829 785 888 δὴ
813 827 932 888 μυρί’
952 827 1176 883 Ὀδυσσεὺς
1206 831 1345 875 ἐσθλὰ
1375 832 1605 889 ἔοργεν,

289 907 327 945 et
350 904 400 945 ·Il.
421 905 486 957 24,
509 905 587 945 391

421 965 502 1011 τὸν
529 968 610 1023 μὲν
640 966 725 1023 ἐγώ
754 966 871 1024 μάλα
900 966 1046 1011 πολλὰ
1074 966 1187 1036 μάχῃ
1218 968 1283 1011 ἐνὶ
1313 970 1565 1024 κυδιανείρῃ

422 1029 722 1091 ὀφθαλμοῖσιν
752 1031 972 1079 ὄπωπα.

287 1108 439 1158 Quibus
468 1109 565 1148 locis
604 1108 779 1159 perfecto
808 1121 939 1160 neque
979 1109 1012 1148 is
1047 1108 1293 1160 significatur
1329 1108 1489 1148 subiecti
1518 1110 1661 1159 status,
1697 1109 1765 1160 qui

287 1178 479 1218 actionem
507 1179 667 1218 secutus
696 1178 766 1231 sit,
803 1189 934 1230 neque
973 1178 1006 1217 is
1048 1178 1116 1229 qui
1155 1177 1205 1217 in«
1232 1178 1460 1217 continuata
1489 1177 1642 1218 actione
1673 1190 1764 1218 con-

287 1249 376 1299 stet,
404 1246 475 1286 sed
504 1247 537 1285 is
566 1247 634 1297 qui
674 1259 757 1287 rem
773 1242 959 1298 'aliquam
999 1247 1200 1287 continere
1231 1246 1394 1298 dicitur,
1422 1248 1515 1297 quia
1543 1246 1609 1286 vel
1637 1248 1687 1287 ab
1718 1259 1764 1287 eo

287 1316 336 1357 de
367 1328 445 1368 quo
475 1327 603 1356 sermo
644 1318 704 1356 est
732 1316 912 1367 perfecta
951 1318 1010 1356 e'st
1049 1316 1114 1356 vel
1143 1316 1180 1356 ei
1218 1315 1371 1355 accidit.
1427 1315 1475 1356 In
1505 1328 1583 1367 quo
1612 1314 1763 1367 perfec-

285 1389 416 1424 torum
444 1397 590 1434 genere
620 1385 815 1424 actionem
845 1387 885 1423 et
914 1387 1058 1424 statum
1087 1385 1176 1422 laxe
1205 1383 1321 1422 modo
1349 1384 1563 1423 cohaerere
1588 1387 1765 1435 apparet.

288 1453 407 1493 Falso
438 1455 567 1493 autem
598 1453 639 1491 in
668 1452 744 1491 hac
765 1453 850 1492 sola
879 1452 930 1491 ad
948 1446 1197 1504 praesentem
1223 1451 1389 1491 subiecti
1409 1454 1552 1491 statum
1573 1452 1764 1492 relatione

284 1521 485 1572 propriam
517 1522 739 1572 posuerunt
775 1520 942 1571 perfecti
980 1521 1080 1572 vim,
1120 1532 1241 1570 quum
1275 1531 1348 1559 nec
1388 1522 1547 1559 vetusta
1587 1532 1635 1559 ea
1676 1532 1763 1561 esse

272 1588 469 1629 vvideatur
521 1583 576 1641 (v.
615 1589 638 1633 δ
677 1589 700 1627 5
737 1582 780 1640 b)
834 1601 965 1639 neque
1010 1591 1131 1628 totam
1178 1587 1320 1627 reddat
1362 1586 1529 1639 perfecti
1572 1591 1764 1628 naturam.

289 1657 515 1697 Praesentis
536 1657 641 1696 enim
660 1657 848 1706 temporis
869 1656 977 1697 notio
996 1655 1164 1708 perfecti
1193 1655 1406 1696 indicativo
1428 1661 1507 1695 non
1528 1668 1578 1695 ex
1597 1656 1762 1708 perfecti

286 1725 356 1765 sed
386 1737 442 1765 ex⁴
464 1724 665 1765 indicativi
694 1727 835 1765 natura
880 1724 1030 1765 accedit
1051 1720 1092 1777 (ὃ
1115 1728 1137 1764 1
1160 1719 1212 1777 a).
1268 1725 1467 1777 Persaepe
1501 1737 1597 1765 vero
1642 1726 1762 1765 aoris-

284 1797 367 1833 tum
397 1793 562 1834 eandem
591 1794 711 1845 plane
739 1794 937 1833 notionem
969 1793 1126 1833 efficere
1157 1793 1337 1832 videmus
1358 1788 1504 1844 (§5c).
1533 1794 1632 1834 Sunt
1660 1794 1760 1833 eius·

286 1862 375 1901 dem
395 1862 587 1915 ,denique
626 1862 830 1913 potestatis
867 1861 1111 1912 praesentia,
1160 1861 1209 1900 de
1248 1861 1390 1911 quibus
1429 1861 1453 1905 δ
1483 1863 1507 1900 8
1538 1861 1562 1900 b
1613 1862 1763 1912 egimus

286 1924 436 1981 (νικᾶν
463 1932 613 1978 vicisse,
642 1922 905 1982 προδιδόναι
933 1924 1184 1981 prodidisse).

399 2005 438 2037 c.
496 1998 761 2037 Inveniuntur
790 1997 984 2049 quaedam
1013 1997 1121 2048 apud
1140 1997 1354 2037 Homerum
1377 1995 1566 2048 perfecta,
1595 1992 1758 2049 γέγωνε

286 2055 581 2118 θήἀνήνοθεν
611 2058 928 2118 (ἐπενήνοθεν),
958 2078 1061 2116 quae
1090 2078 1170 2105 non
1199 2064 1366 2116 perfecti
1395 2065 1522 2103 solum
1552 2066 1619 2104 vel
1647 2077 1760 2116 prae-

285 2133 419 2185 sentia
439 2133 508 2173 sed
528 2133 747 2184 imperfecti
768 2133 882 2174 simul
903 2136 942 2174 et
961 2132 1097 2173 aoristi
1117 2133 1317 2173 notionem
1337 2132 1521 2172 exhibent
1541 2134 1591 2178 (v.
1611 2134 1762 2185 Krueg.

283 2201 334 2253 ΙΙ,
363 2202 387 2246 §
409 2203 474 2253 53,
495 2204 519 2241 3
540 2215 578 2241 n.
599 2201 652 2249 4).
729 2203 912 2252 Magnam
960 2202 1080 2252 igitur
1120 2201 1283 2241 subesse
1323 2201 1499 2240 videmus
1539 2203 1762 2252 temporum

283 2269 467 2322 inopiam,
497 2282 617 2321 quum
646 2283 726 2310 non
754 2270 1027 2322 imperfectum
1056 2271 1182 2310 solum
1213 2273 1252 2309 et
1273 2270 1462 2321 aoristus‚
1491 2272 1536 2309 ut
1564 2270 1605 2309 in
1636 2263 1762 2309 ἔκλυε

284 2330 422 2390 ἔχραε,
451 2339 522 2378 sed
549 2339 769 2389 perfectum
797 2340 1003 2389 praeterea
1032 2350 1111 2377 una
1140 2337 1524 2389 comprehendantur
1553 2338 1689 2379 forma.

964 2441 988 2485 §
1020 2442 1083 2479 12.

680 2517 749 2561 De
779 2527 868 2560 usu
896 2514 1370 2574 plusquamperfecti.

327 2645 330 2647 .
397 2621 440 2652 a.
500 2613 696 2654 Graecum
744 2613 963 2663 perfectum
1013 2625 1134 2663 quum
1175 2625 1199 2651 a
1236 2613 1360 2651 latino
1400 2612 1558 2652 differat
1607 2615 1646 2658 (S
1669 2616 1691 2653 7
1715 2613 1765 2665 c),

240 2732 243 2734 v
283 2677 401 2718 huius
429 2679 513 2720 fere
543 2692 699 2732 semper
727 2681 827 2720 loco'
844 2680 1012 2720 aoristus
1043 2682 1118 2732 est,
1148 2682 1192 2720 ut
1219 2680 1260 2719 in
1290 2680 1338 2719 iis
1367 2681 1590 2733 enuntiatis,
1620 2682 1764 2733 quibus

285 2748 583 2789 coniunctiones
605 2749 802 2800 quaedam
831 2749 1066 2799 temporales
1096 2749 1346 2789 antecedunt.
1404 2750 1503 2789 Xen.
1523 2750 1649 2790 Anab.
1671 2753 1707 2803 6,
1728 2753 1765 2804 3,
