2046 3272
921 118 1205 162 ...29—.

327 238 558 293 praesentia
606 238 795 280 historica
853 238 944 278 huic
1003 237 1252 289 significandi
1308 237 1450 277 rationi
1499 236 1674 277 adhibita
1722 249 1809 279 esse

323 309 513 348 videmus.

661 464 719 507 DE
747 463 1048 507 smeutonum
1080 462 1340 506 Temenum
1372 463 1472 505 USU.

440 559 588 608 Restat,
617 559 938 607 utsingulorum
977 560 1200 606 temporum
1230 569 1344 595 usum
1375 557 1480 606 apud
1509 556 1722 606 scriptores
1751 556 1807 594 in-

326 626 490 664 ventum
529 625 798 675 explanemus.
865 625 911 664 In
952 636 1031 674 quo
1073 636 1176 674 quae
1217 623 1481 675 explicatione
1522 623 1650 662 minus
1691 635 1808 673 egere

324 692 510 731 videntur
538 693 772 732 omittemus.

1022 771 1045 817 ἓ
1076 775 1112 811 8.

817 846 885 890 De
915 857 1005 889 usu
1040 845 1322 900 praesentis,

446 937 488 968 a.
524 930 751 969 Praesentis
781 931 821 968 et
850 929 988 968 aoristi
1017 929 1199 967 notiones
1239 928 1436 978 quomodo
1479 929 1663 967 differant
1689 926 1813 979 supra

329 997 571 1046 explicatum
601 1001 671 1036 est.
728 997 792 1035 Ad
822 997 930 1047 quod
960 996 1171 1044 discrimen
1191 997 1412 1046 praesentis
1442 998 1481 1035 et
1509 996 1732 1046 imperfecti
1762 997 1811 1036 de

328 1057 471 1103 conatu
500 1065 544 1102 ut
573 1066 718 1103 vocant
746 1075 842 1103 usus
870 1062 1106 1102 referendus
1136 1064 1213 1114 est,
1252 1064 1296 1101 ut
1325 1063 1358 1101 si
1389 1058 1545 1115 δίδωμι
1579 1064 1813 1104 vertendum

329 1133 390 1171 est
424 1144 497 1181 per
527 1133 665 1181 offerO,
704 1127 864 1169 κτείνω
899 1143 973 1182 per
1001 1132 1227 1177 interficere
1266 1132 1413 1170 studeo.
1472 1132 1601 1180 Quum
1631 1133 1736 1178 enim
1765 1145 1814 1172 ea

331 1199 558 1249 saepissime
588 1200 692 1238 inter
720 1211 911 1250 praesens
941 1201 981 1237 et
1013 1199 1202 1237 aoristum
1233 1198 1334 1237 ratio
1366 1199 1428 1250 sit,
1456 1203 1501 1238 ut
1529 1201 1729 1250 praesenti
1758 1201 1816 1239 in-

330 1268 381 1306 sit
402 1268 518 1319 actio,
548 1280 629 1318 qua
648 1267 699 1305 ad
719 1267 760 1305 id
780 1266 888 1317 quod
908 1267 1055 1306 aoristo
1077 1266 1322 1317 significatur
1344 1267 1598 1306 contenditur
1618 1263 1673 1319 (V.
1687 1268 1711 1312 ὃ
1725 1269 1749 1306 3
1764 1263 1817 1319 6),

335 1334 435 1373 nihil
465 1337 525 1373 est
547 1335 705 1384 mirum,
747 1334 855 1384 quod
883 1345 1074 1383 praesens
1104 1337 1144 1372 et
1171 1333 1448 1383 imperfectum
1477 1335 1533 1373 ita
1561 1329 1825 1386 usurpantur?

333 1404 378 1441 ut
408 1404 592 1441 conatum
622 1401 853 1452 exprimant.
912 1401 984 1441 Est
1012 1401 1133 1452 igitur
1172 1393 1346 1440 διδόναι
1386 1414 1433 1441 ea
1462 1403 1578 1455 actio,
1611 1415 1698 1454 ‘qua
1727 1403 1817 1454 quis

332 1465 472 1508 δῶναι
491 1471 591 1521 vult,
620 1470 662 1508 id
692 1473 751 1509 est
777 1469 881 1509 actio
902 1469 1115 1520 offerendi;
1144 1465 1322 1508 πείθειν
1343 1473 1402 1509 est
1419 1472 1600 1519 suadere,
1628 1483 1682 1510 zu
1701 1471 1818 1511 ilber-

335 1538 458 1578 reden
492 1538 651 1587 suellen,
691 1550 811 1589 quum
840 1542 988 1576 πεῖσαι
1017 1537 1067 1577 sit
1096 1538 1359 1590 persuadere,
1396 1539 1628 1579 uber-reden.
1684 1540 1817 1591 Atque

336 1609 470 1655 potest
499 1597 782 1643 ἀποκτείνειν
810 1606 915 1643 idem
944 1618 1032 1644 esse
1062 1605 1170 1654 quod
1191 1616 1456 1654 praeparare
1495 1618 1640 1646 necem.
1699 1609 1817 1658 Soph.

334 1672 380 1714 Ο.
411 1674 451 1714 Ο.
482 1676 561 1714 992
594 1669 633 1712 εἴ
659 1669 724 1719 τίς
755 1664 802 1712 σε
833 1669 1000 1712 κτείνοι
1027 1684 1153 1726 ‚menn
1183 1674 1351 1722 jemand
1377 1675 1506 1715 Miene
1533 1676 1686 1716 mactate
1725 1676 1817 1716 dich

333 1753 386 1780 zu
417 1737 558 1788 to'dten‘
587 1742 828 1781 Schneidew.
886 1741 963 1789 Qui
985 1744 1151 1780 conatus
1171 1744 1304 1780 utrum
1322 1743 1506 1792 prosperi
1536 1744 1614 1781 sint
1643 1756 1693 1782 an
1723 1744 1817 1782 vani
1862 1759 1866 1763 ’

334 1811 376 1849 in
405 1810 535 1850 medio
555 1810 804 1861 relinquitur,
834 1808 939 1848 unde
969 1821 1016 1848 ea
1040 1809 1238 1848 interdum
1258 1811 1483 1860 praesentis
1512 1811 1579 1849 vel
1599 1810 1819 1860 imperfecti

335 1879 512 1929 potestas
544 1867 696 1929 evadit,
734 1879 778 1916 ut
815 1876 971 1915 irritum
1000 1876 1177 1915 laborem
1206 1876 1447 1929 significent,
1487 1880 1530 1917 ut
1568 1879 1667 1917 Xen.
1687 1877 1817 1918 Anah.

337 1950 373 1998 1,
394 1949 431 1999 3,
452 1949 476 1985 3
506 1942 733 1998 Κλέαρχος
771 1938 876 1991 τούς
916 1936 1054 2002 αὑτοῦ
1085 1938 1357 1996 στρατιώτας
1394 1939 1656 1995 ἐβιάζετο
1688 1942 1815 1995 ἰέναι,

338 2009 381 2053 οἱ
413 2011 460 2053 δὲ
491 2004 629 2053 αὐτὸν
658 2008 867 2062 ἔβαλλον,
896 2002 1084 2065 ὕστερον
1115 2009 1162 2051 δὲ
1183 2008 1279 2052 ἐπεὶ
1309 2008 1424 2064 ἔγνω
1455 2003 1524 2052 ὅτι
1553 2003 1608 2052 οὗ
1639 2008 1815 2067 δυνήσε-

335 2094 408 2120 ται
449 2075 801 2130 βιάσασθαι,
843 2073 1084 2133 συνήγαγεν
1123 2076 1373 2133 ἐκκλησίαν.
1445 2082 1545 2120 Plat.
1564 2083 1673 2121 Prot.
1694 2084 1776 2122 310
1797 2096 1819 2122 c

335 2143 388 2189 τὸ
439 2140 948 2202 ἀποδιδράσκοντα
994 2141 1052 2201 μὴ
1102 2141 1323 2188 δύνασθαι
1372 2138 1625 2201 ἀποδρᾶναι
1672 2144 1819 2203 πολλὴ

335 2215 490 2270 μωρία.
560 2218 679 2269 Soph.
700 2217 745 2258 Ο.
772 2217 812 2256 G.
836 2218 943 2256 1454
986 2205 1042 2255 ἵν’
1071 2212 1117 2266 ἐξ
1159 2212 1344 2256 ἐκείνων
1387 2212 1435 2255 οἵ
1472 2207 1516 2268 μ’
1546 2207 1820 2271 ἄπωλλύτην

336 2280 468 2325 θάνω
499 2287 593 2336 (qui
619 2287 844 2333 interficere
878 2296 938 2324 me
970 2284 1213 2332 studebant).
1281 2286 1377 2324 Eur.
1396 2286 1440 2324 Io
1464 2287 1572 2326 1503
1603 2280 1821 2339 ἔθνῃσκες

335 2366 415 2395 nex
446 2354 513 2394 tibi
533 2354 781 2404 parabatur.

450 2421 493 2462 b.
523 2423 733 2473 Proprium
764 2425 853 2462 esse
890 2422 1059 2461 diximus
1100 2422 1215 2473 stirpi
1254 2423 1491 2474 praesentis,
1529 2425 1575 2462 ut
1613 2435 1695 2463 non
1733 2436 1823 2463 eum

339 2492 456 2532 modo
487 2492 653 2531 subiecti
692 2494 836 2531 statum
867 2491 1082 2543 significet,
1121 2491 1190 2542 qui
1225 2492 1266 2530 in
1303 2491 1474 2530 durante
1503 2491 1637 2542 aliqua
1665 2492 1822 2532 actione

339 2562 510 2611 constet,
549 2559 621 2598 sed
652 2571 741 2598 eum
771 2559 947 2610 omnino,
977 2559 1045 2609 qui
1074 2559 1268 2597 actionem
1297 2558 1432 2608 aliquo
1463 2558 1579 2604 modo
1611 2560 1823 2599 contineat.

339 2628 466 2677 Quem
506 2630 650 2667 statum
688 2630 757 2667 aut
797 2628 917 2667 talem
955 2639 1041 2667 esse
1070 2627 1257 2678 vidimus,
1300 2629 1344 2666 ut
1372 2627 1476 2667 actio
1515 2628 1675 2678 saepius
1704 2629 1746 2668 in
1776 2641 1823 2668 eo

339 2699 561 2748 repetatur,
601 2698 669 2736 aut
708 2709 797 2736 eum
836 2697 906 2747 qui
933 2696 999 2735 vel
1035 2696 1292 2746 praeteritam
1319 2696 1387 2736 vel
1425 2695 1600 2737 futuram
1629 2697 1823 2737 actionem

338 2766 526 2821 implicet.
