2046 3272
892 146 1175 189 „gam

289 265 351 305 his
382 265 481 303 locis
511 264 713 314 augmenti
743 254 821 303 vim
851 266 1072 314 neglectam
1113 278 1201 305 esse
1231 264 1451 315 putandum
1487 268 1558 304 est.
1616 265 1694 314 Qui
1722 267 1779 304 ta-

289 345 378 373 men
408 334 615 384 poetarum
657 335 698 372 et
726 332 929 384 Euripidis
968 333 1127 384 quidem
1168 333 1355 385 imprimis
1394 345 1492 373 usus
1522 346 1614 374 raro
1645 333 1779 373 admo-

291 402 386 440 dum
416 401 627 440 invenitur.
684 401 884 440 Prodiisse
921 404 1051 440 autem
1083 402 1242 442 videtur
1272 415 1322 441 ex
1351 395 1482 452 priore
1520 403 1590 441 illo
1621 401 1780 442 dicendi

291 482 457 519 genere,
500 481 620 519 quum
649 469 884 508 aoristorum
925 469 1093 521 aliquot,
1144 470 1211 520 qui
1258 471 1355 509 illuc
1404 470 1622 521 pertinent,
1672 469 1781 508 hunc

291 538 410 576 etiam
440 538 480 575 in
510 537 668 575 modum
708 538 917 586 usurpatos
948 549 1036 575 esse
1073 538 1289 589 videamus,
1317 540 1362 576 ut
1385 529 1519 588 ᾔνεσα
1546 527 1777 587 ἀπώμοσα.

406 607 467 644 De
519 605 664 654 quibus
701 604 838 643 aoristi
892 605 1109 655 generibus
1157 605 1256 644 bene
1310 605 1497 644 disseruit
1536 604 1780 644 Kuehnerus

293 674 317 717 §
349 675 442 724 386,
473 675 510 711 9.
568 673 723 710 Primus
766 684 901 711 eorum
942 674 1124 723 exempla
1166 673 1327 724 collegit
1362 674 1635 724 Hermannus,
1676 684 1780 723 quae

294 754 414 791 quum
445 740 641 790 permixta
662 744 804 790 essent,
833 741 873 778 in
895 744 1024 780 certos
1055 742 1213 780 ordines
1236 742 1437 792 descripta
1457 744 1550 780 sunt
1569 754 1594 779 a
1613 740 1779 779 Mollero

293 803 502 861 (Zeitschr.
528 809 561 856 f.
593 808 875 846 Altertlzumsm.
909 806 1029 859 1846,
1058 821 1096 859 p.
1130 811 1237 848 1065
1268 804 1358 860 sq.),
1393 820 1509 860 quem
1538 807 1780 847 Kuehnerus

293 879 452 916 secutus
482 879 553 915 est.
614 901 618 904 -

406 946 550 984 Similis
580 947 640 983 est
669 945 782 996 ratio,
812 945 845 983 si
876 946 1015 984 aoristi
1045 946 1275 996 indicativo,
1305 958 1425 995 quum
1454 941 1497 983 τί
1526 931 1609 983 οὖν
1639 934 1706 991 οὗ,
1735 940 1778 982 τί

294 1001 348 1050 οὗ
376 1012 697 1062 interrogationis
736 1013 892 1062 signum
923 1014 1147 1064 appositum
1179 1014 1248 1064 sit,
1290 1013 1514 1052 continetur
1544 1012 1777 1051 exhortatio.

293 1081 391 1119 Xen.
422 1081 514 1130 Cyr.
545 1082 582 1130 2,
614 1083 650 1130 1,
679 1083 704 1118 4
735 1076 778 1117 τί
808 1067 904 1127 οὖν,
934 1075 1017 1132 ἔφη
1048 1072 1072 1118 ὁ
1103 1079 1262 1132 Κῦρος,
1294 1070 1349 1118 οὗ
1379 1077 1452 1118 καὶ
1481 1074 1563 1132 τὴν
1593 1073 1780 1131 δύναμιν

293 1141 444 1197 ἔλεξάς
472 1158 573 1200 μοι,
603 1158 755 1186 marum
782 1153 927 1198 saqtesc
947 1150 1001 1187 du
1029 1151 1106 1188 mir
1124 1149 1234 1188 nicht
1259 1149 1395 1196 sehon,
1423 1159 1517 1198 Saye
1544 1149 1615 1187 mir
1638 1148 1779 1197 sosort.

407 1214 451 1253 b.
481 1215 703 1254 Dicendum
734 1216 903 1266 denique
935 1219 994 1255 est
1015 1217 1063 1254 de
1090 1217 1236 1255 aoristo
1267 1216 1373 1267 apud
1403 1217 1577 1266 tragicos
1605 1216 1781 1267 invento,

294 1296 373 1333 quo
403 1287 601 1330 ,conatum
631 1285 692 1322 rei
714 1284 931 1332 faciendae
963 1285 1048 1323 sine
1082 1283 1237 1334 effectu‘
1279 1284 1474 1323 contineri
1504 1284 1633 1334 aiunt,
1673 1285 1719 1322 ut
1747 1283 1781 1321 si

295 1351 384 1402 quis
424 1351 492 1401 'qui
545 1363 690 1389 necare
731 1351 904 1402 aliquem
944 1351 1099 1390 studuit
1143 1364 1217 1390 nec
1256 1354 1389 1390 tamen
1433 1351 1632 1391 interemit
1675 1350 1781 1389 dicat

295 1414 480 1457 ἔκτεινα.
540 1420 658 1469 Soph.
687 1420 748 1458 Ai.
781 1423 886 1459 1127

352 1488 497 1527 Menel.
529 1483 677 1525 δίκαια
705 1480 787 1539 γὰρ
816 1478 940 1526 τόνδ’
961 1477 1425 1539 εὐτυχεϊνκτεὶναιντά
1454 1500 1506 1541 με
1521 1501 1536 1536 ;

351 1557 475 1594 Teuc.
534 1552 796 1602 κτείναντα;
827 1549 975 1594 δεινόν
1006 1545 1044 1607 γ’
1066 1548 1204 1603 εἶπας,
1236 1551 1273 1593 εἰ
1304 1552 1378 1593 καὶ
1409 1554 1482 1606 ζῇς
1512 1549 1682 1605 θανών(

408 1624 486 1663 Ubi
529 1626 635 1662 recte
674 1624 832 1663 Kuehn.
884 1624 1092 1663 annotavit
1130 1624 1154 1668 §
1196 1625 1289 1675 386,
1327 1626 1377 1663 12
1420 1636 1622 1674 nunquam
1663 1635 1779 1674 posse

295 1692 442 1731 aoristo
472 1691 687 1742 significari
718 1694 913 1730 conatum.
974 1692 1104 1740 Quum
1146 1694 1299 1731 tentata
1339 1704 1413 1731 nec
1442 1695 1572 1731 tamen
1603 1691 1781 1743 perfecta

295 1773 359 1799 res
400 1760 632 1809 imperfecto
675 1761 842 1811 exprimi
873 1761 1020 1812 soleat,
1061 1760 1138 1799 hoc
1176 1760 1225 1798 iis
1265 1761 1362 1799 locis
1404 1761 1617 1800 convenire
1653 1762 1780 1811 putes.

294 1828 365 1868 Est
404 1830 534 1867 autem
572 1828 636 1867 hic
676 1841 723 1867 ea
762 1828 898 1868 aoristi
927 1829 1007 1880 vis,
1048 1830 1092 1867 ut
1132 1840 1210 1867 non
1243 1829 1422 1868 effectam
1452 1828 1524 1868 sed
1553 1831 1779 1879 susceptam

295 1897 413 1935 modo
446 1897 640 1935 actionem
672 1896 880 1946 significet,
910 1908 1031 1946 quum
1062 1897 1209 1935 aoristo
1241 1898 1281 1934 et
1310 1895 1413 1935 effici
1447 1897 1597 1947 aliquid
1628 1899 1668 1935 et
1696 1908 1779 1935 sus-

295 1965 373 2016 cipi
413 1964 581 2004 indicari
622 1964 758 2015 possit.
816 1965 919 2004 Nam
960 1977 1039 2015 quo
1079 1966 1196 2015 pacto
1245 1968 1403 2022 φυγεῖν
1447 1968 1516 2004 aut
1552 1965 1657 2004 idem
1697 1967 1782 2005 erat

294 2033 401 2083 quod
431 2034 495 2071 die
523 2032 670 2071 Fluant
707 2034 909 2082 eryreifen
950 2036 1018 2071 aut
1049 2032 1157 2083 quod
1187 2031 1440 2080 entlcommen,
1470 2033 1608 2072 codem
1638 2036 1781 2084 poetae

296 2095 471 2139 ἔκτεινα
500 2102 690 2140 aoristum
721 2113 800 2139 non
817 2102 1004 2149 interfeci
1026 2101 1167 2151 solum,
1196 2100 1267 2139 sed
1297 2101 1413 2140 etiam
1443 2083 1670 2150 interfissere
1696 2112 1782 2140 sus-

266 2167 385 2218 'cepi
413 2168 636 2219 significare
674 2169 880 2219 putabant.
939 2169 1032 2207 Non
1061 2168 1191 2207 minus
1230 2167 1331 2207 enim
1362 2169 1431 2220 qui
1466 2168 1603 2221 fugam
1644 2180 1781 2220 capes-

294 2249 381 2276 sere
413 2238 567 2288 dicitur,
597 2249 691 2276 num
722 2237 890 2276 feliciter
919 2236 1054 2288 fugam
1085 2239 1274 2288 peragat,
1302 2236 1342 2275 in
1372 2237 1500 2277 medio
1530 2238 1782 2288 relinquitur.

410 2313 449 2344 c.
490 2304 702 2356 Optativus
743 2305 998 2356 participium
1028 2303 1248 2343 infinitivus
1279 2304 1384 2343 modi
1423 2318 1502 2355 quo
1533 2306 1573 2345 in
1603 2309 1781 2357 tempore

295 2373 470 2423 ponendi
501 2373 591 2424 sint,
620 2386 669 2412 ex
699 2375 863 2423 regente
884 2373 1120 2423 plerumque
1151 2373 1343 2411 enuntiati
1363 2373 1485 2412 verbo
1516 2375 1782 2425 cognoscitur.

294 2441 504 2480 Praeteriti
534 2441 724 2492 temporis
745 2442 853 2480 notio
883 2442 1022 2480 subest
1040 2440 1166 2479 Thuc.
1189 2443 1225 2491 1,
1253 2442 1306 2479 20
1323 2429 1572 2492 ᾌθηναίων
1600 2434 1653 2479 τὸ
1677 2439 1783 2494 πλῆ-

293 2508 381 2555 θος
392 2498 640 2560 Ἵππαρχον
657 2505 830 2548 οἴονται
852 2498 1164 2560 ὑφ’ᾏρμοδίου
1185 2504 1259 2545 καὶ
1274 2497 1642 2559 Ἀριστογείτονος
1662 2499 1784 2548 ἄπο-

294 2576 507 2624 acmen),
537 2577 661 2616 futuri
693 2576 765 2616 od.
798 2580 834 2629 6,
864 2579 945 2617 323
977 2569 1053 2623 δός
1081 2565 1125 2627 μ’
1146 2570 1190 2622 ἐς
1222 2571 1419 2628 Φαίηκας
1438 2573 1572 2626 φίλον
1592 2571 1786 2616 ἐλθεῖν

293 2634 363 2697 ἥδ’
395 2637 603 2683 ἐλεεινόν.
647 2639 716 2696 (de
769 2646 970 2691 coniunct.
1011 2647 1051 2684 et
1088 2645 1268 2695 imperat.
1305 2656 1343 2683 v.
1374 2645 1397 2689 9
1429 2648 1450 2684 1
1482 2640 1538 2697 b).
1607 2645 1786 2686 Collecta

293 2725 414 2763 saepe
444 2715 538 2752 sunt
566 2713 701 2765 verba,
731 2713 877 2764 quibus
907 2712 1137 2765 regentibus
1166 2712 1302 2752 aoristi
1329 2712 1545 2753 infinitivus
1575 2717 1645 2754 aut
1672 2726 1784 2766 prae-

293 2781 400 2824 teriti
429 2784 535 2820 esset
564 2783 634 2820 aut
662 2780 786 2821 futuri
814 2780 1018 2832 temporis.
1077 2779 1194 2829 Quod
1232 2781 1370 2821 inutile
1400 2793 1486 2821 esse
1514 2785 1634 2835 puto,
1664 2792 1786 2834 quum

619 3270 622 3272 .
634 3258 674 3272 5‘.
685 3259 744 3272 &Aa
788 3254 790 3257 ’
881 3259 910 3272 ϊ,-
934 3252 944 3272 ”.
959 3268 965 3272 .
974 3250 1026 3272 :ist
1039 3243 1447 3272 ³1..-.-·;·.³.-....2k'3·‘<.21'.'1*:=÷.1.<„s52›--s
