<?xml version="1.0" encoding="UTF-8"?>
<!DOCTYPE html PUBLIC "-//W3C//DTD XHTML 1.0 Transitional//EN"
    "http://www.w3.org/TR/xhtml1/DTD/xhtml1-transitional.dtd">
<html xmlns="http://www.w3.org/1999/xhtml" xml:lang="en" lang="en">
 <head>
  <title>
</title>
<meta http-equiv="Content-Type" content="text/html;charset=utf-8" />
  <meta name='ocr-system' content='tesseract 3.04.00' />
  <meta name='ocr-capabilities' content='ocr_page ocr_carea ocr_par ocr_line ocrx_word'/>
</head>
<body>
  <div class='ocr_page' id='page_1' title='image "./4626131_0034.png"; bbox 0 0 2046 3272; ppageno 0'>
   <div class='ocr_carea' id='block_1_1' title="bbox 0 0 516 818">
    <p class='ocr_par' dir='ltr' id='par_1_1' title="bbox 0 0 516 818">
     <span class='ocr_line' id='line_1_1' title="bbox 0 0 516 377; baseline 0 0"><span class='ocrx_word' id='word_1_1' title='bbox 0 0 516 377; x_wconf 95' lang='lat' dir='ltr'>  </span> 
     </span>
     <span class='ocr_line' id='line_1_2' title="bbox 0 377 195 818; baseline 0 2454"><span class='ocrx_word' id='word_1_2' title='bbox 0 377 195 818; x_wconf 95' lang='lat' dir='ltr'> </span> 
     </span>
    </p>
   </div>
   <div class='ocr_carea' id='block_1_2' title="bbox 0 2727 106 3272">
    <p class='ocr_par' dir='ltr' id='par_1_2' title="bbox 0 2727 106 3272">
     <span class='ocr_line' id='line_1_3' title="bbox 0 2727 106 3272; baseline 0 0"><span class='ocrx_word' id='word_1_3' title='bbox 0 2727 106 3272; x_wconf 95' lang='lat' dir='ltr'> </span> 
     </span>
    </p>
   </div>
   <div class='ocr_carea' id='block_1_3' title="bbox 0 618 95 1175">
    <p class='ocr_par' dir='ltr' id='par_1_3' title="bbox 0 618 95 1175">
     <span class='ocr_line' id='line_1_4' title="bbox 12 618 70 645; baseline 0 -5"><span class='ocrx_word' id='word_1_4' title='bbox 12 618 43 640; x_wconf 61' lang='lat'>23⁷2</span> <span class='ocrx_word' id='word_1_5' title='bbox 68 642 70 645; x_wconf 21' lang='lat' dir='ltr'>y</span> 
     </span>
     <span class='ocr_line' id='line_1_5' title="bbox 13 686 95 715; baseline 0 0"><span class='ocrx_word' id='word_1_6' title='bbox 13 686 43 708; x_wconf 33' lang='grc' dir='ltr'>ἶς’.</span> <span class='ocrx_word' id='word_1_7' title='bbox 92 710 95 715; x_wconf 66' lang='grc'>1</span> 
     </span>
     <span class='ocr_line' id='line_1_6' title="bbox 0 1113 36 1175; baseline 0.056 -22"><span class='ocrx_word' id='word_1_8' title='bbox 0 1113 36 1175; x_wconf 61' lang='grc' dir='ltr'>ξὲῑρ</span> 
     </span>
    </p>
   </div>
   <div class='ocr_carea' id='block_1_4' title="bbox 889 171 1170 212">
    <p class='ocr_par' dir='ltr' id='par_1_4' title="bbox 889 171 1170 212">
     <span class='ocr_line' id='line_1_7' title="bbox 889 171 1170 212; baseline 0 -11"><span class='ocrx_word' id='word_1_9' title='bbox 889 171 1170 212; x_wconf 75' lang='lat'><strong>—23-</strong></span> 
     </span>
    </p>
   </div>
   <div class='ocr_carea' id='block_1_5' title="bbox 286 286 1776 2862">
    <p class='ocr_par' dir='ltr' id='par_1_5' title="bbox 288 286 1774 952">
     <span class='ocr_line' id='line_1_8' title="bbox 288 286 1774 340; baseline -0.001 -13"><span class='ocrx_word' id='word_1_10' title='bbox 288 286 490 328; x_wconf 84' lang='lat' dir='ltr'>invenitur</span> <span class='ocrx_word' id='word_1_11' title='bbox 517 298 628 340; x_wconf 89' lang='lat' dir='ltr'>usus,</span> <span class='ocrx_word' id='word_1_12' title='bbox 657 299 778 338; x_wconf 89' lang='lat' dir='ltr'>quum</span> <span class='ocrx_word' id='word_1_13' title='bbox 806 289 947 339; x_wconf 84' lang='lat' dir='ltr'>postea</span> <span class='ocrx_word' id='word_1_14' title='bbox 975 287 1114 339; x_wconf 86' lang='lat' dir='ltr'>aliqua</span> <span class='ocrx_word' id='word_1_15' title='bbox 1148 299 1198 327; x_wconf 85' lang='lat' dir='ltr'>ex</span> <span class='ocrx_word' id='word_1_16' title='bbox 1226 289 1340 339; x_wconf 87' lang='lat' dir='ltr'>parte</span> <span class='ocrx_word' id='word_1_17' title='bbox 1369 287 1626 340; x_wconf 80' lang='lat' dir='ltr'>obsoleverit,</span> <span class='ocrx_word' id='word_1_18' title='bbox 1666 287 1774 327; x_wconf 87' lang='lat' dir='ltr'>hunc</span> 
     </span>
     <span class='ocr_line' id='line_1_9' title="bbox 289 356 1772 407; baseline 0 -12"><span class='ocrx_word' id='word_1_19' title='bbox 289 357 487 396; x_wconf 86' lang='lat' dir='ltr'>vetustum</span> <span class='ocrx_word' id='word_1_20' title='bbox 516 367 604 396; x_wconf 88' lang='lat' dir='ltr'>esse</span> <span class='ocrx_word' id='word_1_21' title='bbox 632 357 842 407; x_wconf 78' lang='lat' dir='ltr'>colligitur.</span> <span class='ocrx_word' id='word_1_22' title='bbox 898 357 983 396; x_wconf 85' lang='lat' dir='ltr'>Nec</span> <span class='ocrx_word' id='word_1_23' title='bbox 1016 359 1150 397; x_wconf 86' lang='lat' dir='ltr'>tamen</span> <span class='ocrx_word' id='word_1_24' title='bbox 1191 357 1421 396; x_wconf 86' lang='lat' dir='ltr'>florentibus</span> <span class='ocrx_word' id='word_1_25' title='bbox 1461 356 1622 407; x_wconf 88' lang='lat' dir='ltr'>quidem</span> <span class='ocrx_word' id='word_1_26' title='bbox 1651 356 1772 397; x_wconf 82' lang='lat' dir='ltr'>Grae-</span> 
     </span>
     <span class='ocr_line' id='line_1_10' title="bbox 291 421 1772 477; baseline 0 -14"><span class='ocrx_word' id='word_1_27' title='bbox 291 435 427 474; x_wconf 87' lang='lat' dir='ltr'>corum</span> <span class='ocrx_word' id='word_1_28' title='bbox 474 421 602 463; x_wconf 89' lang='lat' dir='ltr'>literis</span> <span class='ocrx_word' id='word_1_29' title='bbox 642 436 688 464; x_wconf 92' lang='lat' dir='ltr'>eo</span> <span class='ocrx_word' id='word_1_30' title='bbox 728 436 795 464; x_wconf 83' lang='lat' dir='ltr'>res</span> <span class='ocrx_word' id='word_1_31' title='bbox 823 424 1020 476; x_wconf 89' lang='lat' dir='ltr'>perducta</span> <span class='ocrx_word' id='word_1_32' title='bbox 1049 427 1129 477; x_wconf 87' lang='lat' dir='ltr'>est,</span> <span class='ocrx_word' id='word_1_33' title='bbox 1176 426 1221 464; x_wconf 93' lang='lat' dir='ltr'>ut</span> <span class='ocrx_word' id='word_1_34' title='bbox 1258 425 1437 476; x_wconf 88' lang='lat' dir='ltr'>perfecto</span> <span class='ocrx_word' id='word_1_35' title='bbox 1478 424 1616 464; x_wconf 89' lang='lat' dir='ltr'>eodem</span> <span class='ocrx_word' id='word_1_36' title='bbox 1652 425 1772 477; x_wconf 88' lang='lat' dir='ltr'>plane</span> 
     </span>
     <span class='ocr_line' id='line_1_11' title="bbox 289 491 1773 545; baseline 0 -13"><span class='ocrx_word' id='word_1_37' title='bbox 289 491 406 532; x_wconf 88' lang='lat' dir='ltr'>modo</span> <span class='ocrx_word' id='word_1_38' title='bbox 435 493 538 532; x_wconf 84' lang='lat' dir='ltr'>actio</span> <span class='ocrx_word' id='word_1_39' title='bbox 567 493 786 542; x_wconf 83' lang='lat' dir='ltr'>praeterita</span> <span class='ocrx_word' id='word_1_40' title='bbox 815 496 935 544; x_wconf 86' lang='lat' dir='ltr'>atque</span> <span class='ocrx_word' id='word_1_41' title='bbox 964 492 1100 533; x_wconf 90' lang='lat' dir='ltr'>futuro</span> <span class='ocrx_word' id='word_1_42' title='bbox 1129 492 1264 532; x_wconf 87' lang='lat' dir='ltr'>futura</span> <span class='ocrx_word' id='word_1_43' title='bbox 1304 493 1611 544; x_wconf 77' lang='lat' dir='ltr'>exprimeretur,</span> <span class='ocrx_word' id='word_1_44' title='bbox 1651 505 1773 545; x_wconf 90' lang='lat' dir='ltr'>quum</span> 
     </span>
     <span class='ocr_line' id='line_1_12' title="bbox 288 560 1772 614; baseline 0 -13"><span class='ocrx_word' id='word_1_45' title='bbox 288 560 493 614; x_wconf 87' lang='lat' dir='ltr'>praeteriti</span> <span class='ocrx_word' id='word_1_46' title='bbox 532 561 720 612; x_wconf 87' lang='lat' dir='ltr'>temporis</span> <span class='ocrx_word' id='word_1_47' title='bbox 760 563 946 614; x_wconf 88' lang='lat' dir='ltr'>propriae</span> <span class='ocrx_word' id='word_1_48' title='bbox 977 565 1112 602; x_wconf 85' lang='lat' dir='ltr'>essent</span> <span class='ocrx_word' id='word_1_49' title='bbox 1150 563 1287 602; x_wconf 87' lang='lat' dir='ltr'>aoristi</span> <span class='ocrx_word' id='word_1_50' title='bbox 1325 562 1526 602; x_wconf 79' lang='lat' dir='ltr'><strong>indicativi</strong></span> <span class='ocrx_word' id='word_1_51' title='bbox 1564 564 1604 601; x_wconf 87' lang='lat' dir='ltr'>et</span> <span class='ocrx_word' id='word_1_52' title='bbox 1631 562 1772 613; x_wconf 89' lang='lat' dir='ltr'>imper-</span> 
     </span>
     <span class='ocr_line' id='line_1_13' title="bbox 289 620 1773 681; baseline 0.001 -13"><span class='ocrx_word' id='word_1_53' title='bbox 289 620 390 669; x_wconf 29' lang='lat' dir='ltr'>fecti*</span> <span class='ocrx_word' id='word_1_54' title='bbox 420 629 580 669; x_wconf 80' lang='lat' dir='ltr'>formae.</span> <span class='ocrx_word' id='word_1_55' title='bbox 636 631 685 668; x_wconf 89' lang='lat' dir='ltr'>In</span> <span class='ocrx_word' id='word_1_56' title='bbox 731 631 886 681; x_wconf 88' lang='lat' dir='ltr'>vulgari</span> <span class='ocrx_word' id='word_1_57' title='bbox 921 643 1016 670; x_wconf 87' lang='lat' dir='ltr'>vero</span> <span class='ocrx_word' id='word_1_58' title='bbox 1058 643 1162 681; x_wconf 87' lang='lat' dir='ltr'>quae</span> <span class='ocrx_word' id='word_1_59' title='bbox 1200 632 1367 670; x_wconf 88' lang='lat' dir='ltr'>vocatur</span> <span class='ocrx_word' id='word_1_60' title='bbox 1407 631 1577 680; x_wconf 78' lang='lat' dir='ltr'>linguae</span> <span class='ocrx_word' id='word_1_61' title='bbox 1604 641 1773 680; x_wconf 80' lang='lat' dir='ltr'>graecae</span> 
     </span>
     <span class='ocr_line' id='line_1_14' title="bbox 290 690 1772 749; baseline -0.001 -12"><span class='ocrx_word' id='word_1_62' title='bbox 290 698 459 738; x_wconf 85' lang='lat' dir='ltr'>dialecto</span> <span class='ocrx_word' id='word_1_63' title='bbox 491 690 648 749; x_wconf 85' lang='grc' dir='ltr'><strong><em>(κοινή)</em></strong></span> <span class='ocrx_word' id='word_1_64' title='bbox 677 698 898 748; x_wconf 88' lang='lat' dir='ltr'>perfectum</span> <span class='ocrx_word' id='word_1_65' title='bbox 929 699 980 737; x_wconf 87' lang='lat' dir='ltr'>ad</span> <span class='ocrx_word' id='word_1_66' title='bbox 1009 700 1145 738; x_wconf 87' lang='lat' dir='ltr'>aoristi</span> <span class='ocrx_word' id='word_1_67' title='bbox 1175 711 1296 749; x_wconf 80' lang='lat' dir='ltr'>saepe</span> <span class='ocrx_word' id='word_1_68' title='bbox 1324 699 1526 737; x_wconf 90' lang='lat' dir='ltr'>notionem</span> <span class='ocrx_word' id='word_1_69' title='bbox 1556 698 1772 748; x_wconf 84' lang='lat' dir='ltr'>descendit,</span> 
     </span>
     <span class='ocr_line' id='line_1_15' title="bbox 288 764 1774 818; baseline -0.001 -13"><span class='ocrx_word' id='word_1_70' title='bbox 288 766 329 805; x_wconf 92' lang='lat' dir='ltr'>in</span> <span class='ocrx_word' id='word_1_71' title='bbox 359 778 437 816; x_wconf 91' lang='lat' dir='ltr'>quo</span> <span class='ocrx_word' id='word_1_72' title='bbox 467 766 732 804; x_wconf 86' lang='lat' dir='ltr'>Romanorum</span> <span class='ocrx_word' id='word_1_73' title='bbox 763 765 919 805; x_wconf 88' lang='lat' dir='ltr'>dicendi</span> <span class='ocrx_word' id='word_1_74' title='bbox 948 778 1076 817; x_wconf 85' lang='lat' dir='ltr'>genus</span> <span class='ocrx_word' id='word_1_75' title='bbox 1105 767 1280 806; x_wconf 86' lang='lat' dir='ltr'>valuisse</span> <span class='ocrx_word' id='word_1_76' title='bbox 1310 767 1490 818; x_wconf 81' lang='lat' dir='ltr'>apparet,</span> <span class='ocrx_word' id='word_1_77' title='bbox 1519 764 1664 816; x_wconf 85' lang='lat' dir='ltr'>quibus</span> <span class='ocrx_word' id='word_1_78' title='bbox 1694 777 1774 804; x_wconf 86' lang='lat' dir='ltr'>una</span> 
     </span>
     <span class='ocr_line' id='line_1_16' title="bbox 289 824 1774 885; baseline -0.001 -11"><span class='ocrx_word' id='word_1_79' title='bbox 289 833 459 885; x_wconf 88' lang='lat' dir='ltr'>perfecti</span> <span class='ocrx_word' id='word_1_80' title='bbox 488 833 617 873; x_wconf 87' lang='lat' dir='ltr'>forma</span> <span class='ocrx_word' id='word_1_81' title='bbox 645 835 685 872; x_wconf 91' lang='lat' dir='ltr'>et</span> <span class='ocrx_word' id='word_1_82' title='bbox 712 833 879 884; x_wconf 88' lang='lat' dir='ltr'>perfecti</span> <span class='ocrx_word' id='word_1_83' title='bbox 909 835 1044 885; x_wconf 86' lang='lat' dir='ltr'>graeci</span> <span class='ocrx_word' id='word_1_84' title='bbox 1074 837 1113 874; x_wconf 88' lang='lat' dir='ltr'>et</span> <span class='ocrx_word' id='word_1_85' title='bbox 1142 835 1278 874; x_wconf 89' lang='lat' dir='ltr'>aoristi</span> <span class='ocrx_word' id='word_1_86' title='bbox 1304 824 1511 873; x_wconf 81' lang='lat' dir='ltr'>indicativi</span> <span class='ocrx_word' id='word_1_87' title='bbox 1548 834 1637 873; x_wconf 92' lang='lat' dir='ltr'>loco</span> <span class='ocrx_word' id='word_1_88' title='bbox 1677 836 1774 873; x_wconf 89' lang='lat' dir='ltr'>erat.</span> 
     </span>
     <span class='ocr_line' id='line_1_17' title="bbox 290 901 1049 952; baseline 0.001 -12"><span class='ocrx_word' id='word_1_89' title='bbox 290 915 327 941; x_wconf 89' lang='lat' dir='ltr'>v.</span> <span class='ocrx_word' id='word_1_90' title='bbox 355 902 402 940; x_wconf 95' lang='lat' dir='ltr'>A.</span> <span class='ocrx_word' id='word_1_91' title='bbox 432 901 725 952; x_wconf 89' lang='lat' dir='ltr'>Buttmannum‚</span> <span class='ocrx_word' id='word_1_92' title='bbox 759 901 827 939; x_wconf 83' lang='lat' dir='ltr'>Gr.</span> <span class='ocrx_word' id='word_1_93' title='bbox 858 902 894 940; x_wconf 87' lang='lat' dir='ltr'>d.</span> <span class='ocrx_word' id='word_1_94' title='bbox 925 902 973 941; x_wconf 65' lang='lat' dir='ltr'>JV.</span> <span class='ocrx_word' id='word_1_95' title='bbox 1008 902 1049 941; x_wconf 92' lang='grc' dir='ltr'>Τ.</span> 
     </span>
    </p>

    <p class='ocr_par' dir='ltr' id='par_1_6' title="bbox 286 968 1776 1417">
     <span class='ocr_line' id='line_1_18' title="bbox 403 968 1776 1020; baseline -0.001 -12"><span class='ocrx_word' id='word_1_96' title='bbox 403 969 467 1008; x_wconf 79' lang='lat' dir='ltr'>Ad</span> <span class='ocrx_word' id='word_1_97' title='bbox 495 968 621 1008; x_wconf 87' lang='lat' dir='ltr'>futuri</span> <span class='ocrx_word' id='word_1_98' title='bbox 650 969 770 1019; x_wconf 88' lang='lat' dir='ltr'>igitur</span> <span class='ocrx_word' id='word_1_99' title='bbox 800 970 1094 1009; x_wconf 86' lang='lat' dir='ltr'>similitudinem</span> <span class='ocrx_word' id='word_1_100' title='bbox 1121 970 1287 1020; x_wconf 89' lang='lat' dir='ltr'>perfecti</span> <span class='ocrx_word' id='word_1_101' title='bbox 1318 971 1456 1020; x_wconf 85' lang='lat' dir='ltr'>graeci</span> <span class='ocrx_word' id='word_1_102' title='bbox 1493 970 1602 1008; x_wconf 88' lang='lat' dir='ltr'>notio</span> <span class='ocrx_word' id='word_1_103' title='bbox 1632 971 1776 1007; x_wconf 84' lang='lat' dir='ltr'>effecta</span> 
     </span>
     <span class='ocr_line' id='line_1_19' title="bbox 288 1035 1775 1089; baseline -0.001 -12"><span class='ocrx_word' id='word_1_104' title='bbox 288 1040 358 1077; x_wconf 92' lang='lat' dir='ltr'>est.</span> <span class='ocrx_word' id='word_1_105' title='bbox 416 1035 569 1085; x_wconf 79' lang='lat' dir='ltr'>Quibus</span> <span class='ocrx_word' id='word_1_106' title='bbox 605 1036 851 1087; x_wconf 80' lang='lat' dir='ltr'>temporibus</span> <span class='ocrx_word' id='word_1_107' title='bbox 889 1036 930 1076; x_wconf 91' lang='lat' dir='ltr'>id</span> <span class='ocrx_word' id='word_1_108' title='bbox 969 1037 1087 1077; x_wconf 89' lang='lat' dir='ltr'>etiam</span> <span class='ocrx_word' id='word_1_109' title='bbox 1125 1049 1330 1078; x_wconf 90' lang='lat' dir='ltr'>commune</span> <span class='ocrx_word' id='word_1_110' title='bbox 1366 1040 1442 1086; x_wconf 90' lang='lat' dir='ltr'>est,</span> <span class='ocrx_word' id='word_1_111' title='bbox 1485 1036 1611 1089; x_wconf 85' lang='lat' dir='ltr'>quod,</span> <span class='ocrx_word' id='word_1_112' title='bbox 1653 1049 1775 1088; x_wconf 92' lang='lat' dir='ltr'>quum</span> 
     </span>
     <span class='ocr_line' id='line_1_20' title="bbox 288 1105 1775 1156; baseline -0.001 -12"><span class='ocrx_word' id='word_1_113' title='bbox 288 1106 504 1144; x_wconf 86' lang='lat' dir='ltr'>indicativo</span> <span class='ocrx_word' id='word_1_114' title='bbox 545 1107 767 1155; x_wconf 89' lang='lat' dir='ltr'>ponuntur,</span> <span class='ocrx_word' id='word_1_115' title='bbox 806 1105 857 1143; x_wconf 85' lang='lat' dir='ltr'>ad</span> <span class='ocrx_word' id='word_1_116' title='bbox 886 1117 1076 1154; x_wconf 82' lang='lat' dir='ltr'>praesens</span> <span class='ocrx_word' id='word_1_117' title='bbox 1115 1108 1271 1155; x_wconf 89' lang='lat' dir='ltr'>tempus</span> <span class='ocrx_word' id='word_1_118' title='bbox 1300 1105 1548 1156; x_wconf 87' lang='lat' dir='ltr'>referuntur,</span> <span class='ocrx_word' id='word_1_119' title='bbox 1587 1105 1775 1155; x_wconf 90' lang='lat' dir='ltr'>quodque</span> 
     </span>
     <span class='ocr_line' id='line_1_21' title="bbox 286 1170 1775 1224; baseline -0.001 -11"><span class='ocrx_word' id='word_1_120' title='bbox 286 1172 472 1224; x_wconf 89' lang='lat' dir='ltr'>temporis</span> <span class='ocrx_word' id='word_1_121' title='bbox 493 1170 836 1224; x_wconf 85' lang='lat' dir='ltr'>significationem,</span> <span class='ocrx_word' id='word_1_122' title='bbox 867 1185 947 1223; x_wconf 89' lang='lat' dir='ltr'>qua</span> <span class='ocrx_word' id='word_1_123' title='bbox 976 1175 1046 1211; x_wconf 90' lang='lat' dir='ltr'>aut</span> <span class='ocrx_word' id='word_1_124' title='bbox 1073 1174 1331 1224; x_wconf 87' lang='lat' dir='ltr'>praeteritam</span> <span class='ocrx_word' id='word_1_125' title='bbox 1360 1176 1428 1212; x_wconf 87' lang='lat' dir='ltr'>aut</span> <span class='ocrx_word' id='word_1_126' title='bbox 1458 1173 1643 1224; x_wconf 84' lang='lat' dir='ltr'>futuram,</span> <span class='ocrx_word' id='word_1_127' title='bbox 1672 1173 1705 1212; x_wconf 90' lang='lat' dir='ltr'>si</span> <span class='ocrx_word' id='word_1_128' title='bbox 1725 1184 1775 1211; x_wconf 83' lang='lat' dir='ltr'>ex</span> 
     </span>
     <span class='ocr_line' id='line_1_22' title="bbox 288 1240 1775 1295; baseline -0.001 -14"><span class='ocrx_word' id='word_1_129' title='bbox 288 1241 459 1292; x_wconf 88' lang='lat' dir='ltr'>subjecti</span> <span class='ocrx_word' id='word_1_130' title='bbox 489 1242 594 1279; x_wconf 85' lang='lat' dir='ltr'>statu</span> <span class='ocrx_word' id='word_1_131' title='bbox 617 1240 837 1295; x_wconf 83' lang='lat' dir='ltr'>judicatur,</span> <span class='ocrx_word' id='word_1_132' title='bbox 866 1241 1061 1280; x_wconf 79' lang='lat' dir='ltr'>actionem</span> <span class='ocrx_word' id='word_1_133' title='bbox 1093 1241 1333 1293; x_wconf 87' lang='lat' dir='ltr'>concipiunt,</span> <span class='ocrx_word' id='word_1_134' title='bbox 1372 1254 1507 1281; x_wconf 88' lang='lat' dir='ltr'>omnes</span> <span class='ocrx_word' id='word_1_135' title='bbox 1536 1254 1609 1292; x_wconf 90' lang='lat' dir='ltr'>per</span> <span class='ocrx_word' id='word_1_136' title='bbox 1638 1240 1775 1280; x_wconf 89' lang='lat' dir='ltr'>modos</span> 
     </span>
     <span class='ocr_line' id='line_1_23' title="bbox 292 1308 1774 1362; baseline -0.001 -13"><span class='ocrx_word' id='word_1_137' title='bbox 292 1310 481 1361; x_wconf 88' lang='lat' dir='ltr'>retinent,</span> <span class='ocrx_word' id='word_1_138' title='bbox 522 1320 643 1359; x_wconf 92' lang='lat' dir='ltr'>quum</span> <span class='ocrx_word' id='word_1_139' title='bbox 673 1308 843 1348; x_wconf 84' lang='lat' dir='ltr'>alterum</span> <span class='ocrx_word' id='word_1_140' title='bbox 871 1308 1118 1359; x_wconf 87' lang='lat' dir='ltr'>significandi</span> <span class='ocrx_word' id='word_1_141' title='bbox 1147 1310 1337 1362; x_wconf 85' lang='lat' dir='ltr'>temporis</span> <span class='ocrx_word' id='word_1_142' title='bbox 1365 1321 1492 1361; x_wconf 88' lang='lat' dir='ltr'>genus</span> <span class='ocrx_word' id='word_1_143' title='bbox 1523 1309 1565 1348; x_wconf 90' lang='lat' dir='ltr'>in</span> <span class='ocrx_word' id='word_1_144' title='bbox 1594 1309 1678 1349; x_wconf 89' lang='lat' dir='ltr'>solo</span> <span class='ocrx_word' id='word_1_145' title='bbox 1708 1321 1774 1348; x_wconf 84' lang='lat' dir='ltr'>va-</span> 
     </span>
     <span class='ocr_line' id='line_1_24' title="bbox 288 1377 623 1417; baseline -0.009 0"><span class='ocrx_word' id='word_1_146' title='bbox 288 1379 370 1417; x_wconf 90' lang='lat' dir='ltr'>leat</span> <span class='ocrx_word' id='word_1_147' title='bbox 398 1377 623 1416; x_wconf 84' lang='lat' dir='ltr'>indicativo.</span> 
     </span>
    </p>

    <p class='ocr_par' dir='ltr' id='par_1_7' title="bbox 286 1443 1776 1702">
     <span class='ocr_line' id='line_1_25' title="bbox 402 1443 1776 1495; baseline -0.001 -11"><span class='ocrx_word' id='word_1_148' title='bbox 402 1453 441 1484; x_wconf 74' lang='grc'><strong>0.</strong></span> <span class='ocrx_word' id='word_1_149' title='bbox 471 1443 708 1495; x_wconf 87' lang='lat' dir='ltr'>Perfectum,</span> <span class='ocrx_word' id='word_1_150' title='bbox 737 1457 859 1494; x_wconf 90' lang='lat' dir='ltr'>quum</span> <span class='ocrx_word' id='word_1_151' title='bbox 884 1446 922 1483; x_wconf 89' lang='lat' dir='ltr'>et</span> <span class='ocrx_word' id='word_1_152' title='bbox 950 1445 1173 1484; x_wconf 88' lang='lat' dir='ltr'>absolutum</span> <span class='ocrx_word' id='word_1_153' title='bbox 1202 1445 1363 1495; x_wconf 83' lang='lat' dir='ltr'>aliquod</span> <span class='ocrx_word' id='word_1_154' title='bbox 1383 1445 1537 1483; x_wconf 88' lang='lat' dir='ltr'>facinus</span> <span class='ocrx_word' id='word_1_155' title='bbox 1566 1445 1776 1495; x_wconf 86' lang='lat' dir='ltr'>contineat,</span> 
     </span>
     <span class='ocr_line' id='line_1_26' title="bbox 290 1511 1775 1565; baseline -0.001 -13"><span class='ocrx_word' id='word_1_156' title='bbox 290 1515 334 1552; x_wconf 92' lang='lat' dir='ltr'>ut</span> <span class='ocrx_word' id='word_1_157' title='bbox 365 1512 548 1563; x_wconf 84' lang='lat' dir='ltr'>aoristus‚</span> <span class='ocrx_word' id='word_1_158' title='bbox 576 1513 615 1550; x_wconf 88' lang='lat' dir='ltr'>et</span> <span class='ocrx_word' id='word_1_159' title='bbox 644 1511 811 1563; x_wconf 89' lang='lat' dir='ltr'>subjecti</span> <span class='ocrx_word' id='word_1_160' title='bbox 841 1514 1003 1564; x_wconf 86' lang='lat' dir='ltr'>statum,</span> <span class='ocrx_word' id='word_1_161' title='bbox 1032 1515 1076 1552; x_wconf 91' lang='lat' dir='ltr'>ut</span> <span class='ocrx_word' id='word_1_162' title='bbox 1104 1524 1314 1565; x_wconf 79' lang='lat' dir='ltr'>praesens,</span> <span class='ocrx_word' id='word_1_163' title='bbox 1345 1515 1383 1552; x_wconf 89' lang='lat' dir='ltr'>et</span> <span class='ocrx_word' id='word_1_164' title='bbox 1412 1513 1463 1552; x_wconf 90' lang='lat' dir='ltr'>ad</span> <span class='ocrx_word' id='word_1_165' title='bbox 1492 1513 1627 1553; x_wconf 84' lang='lat' dir='ltr'>aoristi</span> <span class='ocrx_word' id='word_1_166' title='bbox 1656 1515 1695 1551; x_wconf 92' lang='lat' dir='ltr'>et</span> <span class='ocrx_word' id='word_1_167' title='bbox 1724 1511 1775 1551; x_wconf 83' lang='lat' dir='ltr'>ad</span> 
     </span>
     <span class='ocr_line' id='line_1_27' title="bbox 288 1578 1773 1632; baseline -0.001 -12"><span class='ocrx_word' id='word_1_168' title='bbox 288 1581 522 1631; x_wconf 82' lang='lat' dir='ltr'>praesentis,</span> <span class='ocrx_word' id='word_1_169' title='bbox 560 1580 758 1619; x_wconf 89' lang='lat' dir='ltr'>notionem</span> <span class='ocrx_word' id='word_1_170' title='bbox 798 1583 941 1619; x_wconf 86' lang='lat' dir='ltr'>natura</span> <span class='ocrx_word' id='word_1_171' title='bbox 970 1581 1136 1620; x_wconf 88' lang='lat' dir='ltr'>aceedit.</span> <span class='ocrx_word' id='word_1_172' title='bbox 1193 1582 1336 1631; x_wconf 86' lang='lat' dir='ltr'>Neque</span> <span class='ocrx_word' id='word_1_173' title='bbox 1365 1581 1507 1620; x_wconf 91' lang='lat' dir='ltr'>mirum</span> <span class='ocrx_word' id='word_1_174' title='bbox 1549 1578 1633 1632; x_wconf 73' lang='lat' dir='ltr'>est‚&#39;</span> <span class='ocrx_word' id='word_1_175' title='bbox 1666 1580 1773 1630; x_wconf 87' lang='lat' dir='ltr'>quod</span> 
     </span>
     <span class='ocr_line' id='line_1_28' title="bbox 286 1648 1483 1702; baseline 0.001 -13"><span class='ocrx_word' id='word_1_176' title='bbox 286 1648 457 1689; x_wconf 89' lang='lat' dir='ltr'>aoristus</span> <span class='ocrx_word' id='word_1_177' title='bbox 488 1650 528 1688; x_wconf 88' lang='lat' dir='ltr'>et</span> <span class='ocrx_word' id='word_1_178' title='bbox 555 1659 744 1700; x_wconf 88' lang='lat' dir='ltr'>praesens</span> <span class='ocrx_word' id='word_1_179' title='bbox 774 1648 893 1700; x_wconf 79' lang='lat' dir='ltr'>huJus</span> <span class='ocrx_word' id='word_1_180' title='bbox 923 1660 1044 1701; x_wconf 80' lang='lat' dir='ltr'>saepe</span> <span class='ocrx_word' id='word_1_181' title='bbox 1073 1649 1180 1690; x_wconf 85' lang='lat' dir='ltr'>vices</span> <span class='ocrx_word' id='word_1_182' title='bbox 1209 1652 1483 1702; x_wconf 87' lang='lat' dir='ltr'>susceperunt.</span> 
     </span>
    </p>

    <p class='ocr_par' dir='ltr' id='par_1_8' title="bbox 286 1717 1773 2318">
     <span class='ocr_line' id='line_1_29' title="bbox 397 1717 1771 1769; baseline -0.001 -12"><span class='ocrx_word' id='word_1_183' title='bbox 397 1719 459 1757; x_wconf 92' lang='lat' dir='ltr'>Ab</span> <span class='ocrx_word' id='word_1_184' title='bbox 490 1719 636 1757; x_wconf 87' lang='lat' dir='ltr'>aoristo</span> <span class='ocrx_word' id='word_1_185' title='bbox 665 1717 798 1756; x_wconf 87' lang='lat' dir='ltr'>differt</span> <span class='ocrx_word' id='word_1_186' title='bbox 818 1729 877 1769; x_wconf 80' lang='lat' dir='ltr'>eo,</span> <span class='ocrx_word' id='word_1_187' title='bbox 906 1719 1014 1767; x_wconf 91' lang='lat' dir='ltr'>quod</span> <span class='ocrx_word' id='word_1_188' title='bbox 1043 1719 1118 1757; x_wconf 90' lang='lat' dir='ltr'>hoc</span> <span class='ocrx_word' id='word_1_189' title='bbox 1138 1731 1290 1757; x_wconf 90' lang='lat' dir='ltr'>merum</span> <span class='ocrx_word' id='word_1_190' title='bbox 1320 1719 1572 1769; x_wconf 84' lang='lat' dir='ltr'>significatur</span> <span class='ocrx_word' id='word_1_191' title='bbox 1603 1718 1771 1768; x_wconf 88' lang='lat' dir='ltr'>facinus,</span> 
     </span>
     <span class='ocr_line' id='line_1_30' title="bbox 290 1783 1772 1839; baseline 0 -13"><span class='ocrx_word' id='word_1_192' title='bbox 290 1784 468 1838; x_wconf 88' lang='lat' dir='ltr'>perfecto</span> <span class='ocrx_word' id='word_1_193' title='bbox 498 1787 630 1825; x_wconf 85' lang='lat' dir='ltr'>autem</span> <span class='ocrx_word' id='word_1_194' title='bbox 660 1787 699 1825; x_wconf 91' lang='lat' dir='ltr'>et</span> <span class='ocrx_word' id='word_1_195' title='bbox 727 1783 880 1825; x_wconf 88' lang='lat' dir='ltr'>facinus</span> <span class='ocrx_word' id='word_1_196' title='bbox 911 1788 950 1825; x_wconf 92' lang='lat' dir='ltr'>et</span> <span class='ocrx_word' id='word_1_197' title='bbox 980 1785 1048 1838; x_wconf 92' lang='lat' dir='ltr'>qui</span> <span class='ocrx_word' id='word_1_198' title='bbox 1077 1786 1119 1826; x_wconf 89' lang='lat' dir='ltr'>in</span> <span class='ocrx_word' id='word_1_199' title='bbox 1140 1798 1186 1826; x_wconf 92' lang='lat' dir='ltr'>eo</span> <span class='ocrx_word' id='word_1_200' title='bbox 1218 1787 1470 1839; x_wconf 90' lang='lat' dir='ltr'>conquiescit</span> <span class='ocrx_word' id='word_1_201' title='bbox 1498 1786 1668 1838; x_wconf 78' lang='lat' dir='ltr'>subJecti</span> <span class='ocrx_word' id='word_1_202' title='bbox 1697 1787 1772 1826; x_wconf 80' lang='lat' dir='ltr'>sta-</span> 
     </span>
     <span class='ocr_line' id='line_1_31' title="bbox 287 1854 1769 1906; baseline -0.002 -11"><span class='ocrx_word' id='word_1_203' title='bbox 287 1858 363 1895; x_wconf 87' lang='lat' dir='ltr'>tus.</span> <span class='ocrx_word' id='word_1_204' title='bbox 421 1855 603 1894; x_wconf 88' lang='lat' dir='ltr'>Aoristus</span> <span class='ocrx_word' id='word_1_205' title='bbox 633 1856 754 1904; x_wconf 86' lang='lat' dir='ltr'>igitur</span> <span class='ocrx_word' id='word_1_206' title='bbox 788 1854 952 1904; x_wconf 88' lang='lat' dir='ltr'>perfecti</span> <span class='ocrx_word' id='word_1_207' title='bbox 986 1855 1075 1893; x_wconf 87' lang='lat' dir='ltr'>loeo</span> <span class='ocrx_word' id='word_1_208' title='bbox 1117 1866 1203 1894; x_wconf 86' lang='lat' dir='ltr'>esse</span> <span class='ocrx_word' id='word_1_209' title='bbox 1243 1858 1393 1906; x_wconf 88' lang='lat' dir='ltr'>potest,</span> <span class='ocrx_word' id='word_1_210' title='bbox 1435 1857 1467 1894; x_wconf 89' lang='lat' dir='ltr'>si</span> <span class='ocrx_word' id='word_1_211' title='bbox 1507 1856 1592 1893; x_wconf 89' lang='lat' dir='ltr'>sola</span> <span class='ocrx_word' id='word_1_212' title='bbox 1632 1857 1769 1893; x_wconf 89' lang='lat' dir='ltr'>notata</span> 
     </span>
     <span class='ocr_line' id='line_1_32' title="bbox 286 1921 1772 1975; baseline -0.001 -13"><span class='ocrx_word' id='word_1_213' title='bbox 286 1923 439 1963; x_wconf 87' lang='lat' dir='ltr'>actione</span> <span class='ocrx_word' id='word_1_214' title='bbox 468 1923 552 1974; x_wconf 92' lang='lat' dir='ltr'>ipse</span> <span class='ocrx_word' id='word_1_215' title='bbox 582 1923 716 1962; x_wconf 89' lang='lat' dir='ltr'>status</span> <span class='ocrx_word' id='word_1_216' title='bbox 746 1934 826 1963; x_wconf 89' lang='lat' dir='ltr'>non</span> <span class='ocrx_word' id='word_1_217' title='bbox 856 1921 981 1962; x_wconf 87' lang='lat' dir='ltr'>forma</span> <span class='ocrx_word' id='word_1_218' title='bbox 1011 1923 1255 1975; x_wconf 85' lang='lat' dir='ltr'>exprimitur,</span> <span class='ocrx_word' id='word_1_219' title='bbox 1284 1922 1354 1962; x_wconf 88' lang='lat' dir='ltr'>sed</span> <span class='ocrx_word' id='word_1_220' title='bbox 1384 1935 1433 1963; x_wconf 86' lang='lat' dir='ltr'>ex</span> <span class='ocrx_word' id='word_1_221' title='bbox 1461 1922 1651 1963; x_wconf 79' lang='lat' dir='ltr'>sermonis</span> <span class='ocrx_word' id='word_1_222' title='bbox 1681 1935 1772 1962; x_wconf 87' lang='lat' dir='ltr'>con-</span> 
     </span>
     <span class='ocr_line' id='line_1_33' title="bbox 286 1984 1773 2043; baseline -0.001 -13"><span class='ocrx_word' id='word_1_223' title='bbox 286 1994 399 2031; x_wconf 81' lang='lat' dir='ltr'>textu</span> <span class='ocrx_word' id='word_1_224' title='bbox 430 1991 654 2042; x_wconf 83' lang='lat' dir='ltr'>colligitur,</span> <span class='ocrx_word' id='word_1_225' title='bbox 693 1994 738 2029; x_wconf 91' lang='lat' dir='ltr'>ut</span> <span class='ocrx_word' id='word_1_226' title='bbox 776 1992 808 2029; x_wconf 91' lang='lat' dir='ltr'>si</span> <span class='ocrx_word' id='word_1_227' title='bbox 848 2004 922 2041; x_wconf 88' lang='lat' dir='ltr'>pro</span> <span class='ocrx_word' id='word_1_228' title='bbox 958 1985 1002 2028; x_wconf 72' lang='lat' dir='ltr'>oi</span> <span class='ocrx_word' id='word_1_229' title='bbox 1030 1984 1296 2043; x_wconf 78' lang='grc' dir='ltr'><strong><em>τεθνηκότες</em></strong></span> <span class='ocrx_word' id='word_1_230' title='bbox 1335 1991 1508 2037; x_wconf 79' lang='lat' dir='ltr'>(mortui)</span> <span class='ocrx_word' id='word_1_231' title='bbox 1537 1991 1700 2041; x_wconf 88' lang='lat' dir='ltr'>ponitur</span> <span class='ocrx_word' id='word_1_232' title='bbox 1730 1985 1773 2028; x_wconf 79' lang='grc' dir='ltr'>οἱ</span> 
     </span>
     <span class='ocr_line' id='line_1_34' title="bbox 288 2050 1773 2111; baseline 0.001 -15"><span class='ocrx_word' id='word_1_233' title='bbox 288 2050 520 2105; x_wconf 76' lang='grc' dir='ltr'><strong><em>θανόντες.</em></strong></span> <span class='ocrx_word' id='word_1_234' title='bbox 557 2057 658 2110; x_wconf 48' lang='lat' dir='ltr'>‚Qui</span> <span class='ocrx_word' id='word_1_235' title='bbox 688 2058 824 2098; x_wconf 85' lang='lat' dir='ltr'>aoristi</span> <span class='ocrx_word' id='word_1_236' title='bbox 860 2070 932 2111; x_wconf 89' lang='lat' dir='ltr'>pro</span> <span class='ocrx_word' id='word_1_237' title='bbox 967 2058 1144 2110; x_wconf 85' lang='lat' dir='ltr'>perfecto</span> <span class='ocrx_word' id='word_1_238' title='bbox 1184 2071 1279 2099; x_wconf 87' lang='lat' dir='ltr'>usus</span> <span class='ocrx_word' id='word_1_239' title='bbox 1319 2057 1508 2110; x_wconf 87' lang='lat' dir='ltr'>frequens</span> <span class='ocrx_word' id='word_1_240' title='bbox 1538 2060 1610 2110; x_wconf 88' lang='lat' dir='ltr'>est,</span> <span class='ocrx_word' id='word_1_241' title='bbox 1649 2069 1773 2109; x_wconf 90' lang='lat' dir='ltr'>quum</span> 
     </span>
     <span class='ocr_line' id='line_1_35' title="bbox 286 2126 1772 2177; baseline -0.001 -11"><span class='ocrx_word' id='word_1_242' title='bbox 286 2127 505 2166; x_wconf 84' lang='lat' dir='ltr'>faciliorem</span> <span class='ocrx_word' id='word_1_243' title='bbox 557 2128 694 2165; x_wconf 84' lang='lat' dir='ltr'>aoristi</span> <span class='ocrx_word' id='word_1_244' title='bbox 733 2127 900 2165; x_wconf 84' lang='lat' dir='ltr'>formam</span> <span class='ocrx_word' id='word_1_245' title='bbox 939 2127 1117 2177; x_wconf 84' lang='lat' dir='ltr'>perfecto</span> <span class='ocrx_word' id='word_1_246' title='bbox 1163 2127 1422 2176; x_wconf 85' lang='lat' dir='ltr'>praeferrent.</span> <span class='ocrx_word' id='word_1_247' title='bbox 1498 2126 1626 2175; x_wconf 85' lang='lat' dir='ltr'>Saepe</span> <span class='ocrx_word' id='word_1_248' title='bbox 1668 2126 1772 2164; x_wconf 89' lang='lat' dir='ltr'>enim</span> 
     </span>
     <span class='ocr_line' id='line_1_36' title="bbox 286 2193 1772 2246; baseline -0.001 -12"><span class='ocrx_word' id='word_1_249' title='bbox 286 2193 421 2236; x_wconf 88' lang='lat' dir='ltr'>aoristi</span> <span class='ocrx_word' id='word_1_250' title='bbox 448 2193 686 2235; x_wconf 85' lang='lat' dir='ltr'>indicativus</span> <span class='ocrx_word' id='word_1_251' title='bbox 715 2194 766 2234; x_wconf 88' lang='lat' dir='ltr'>ad</span> <span class='ocrx_word' id='word_1_252' title='bbox 794 2206 985 2246; x_wconf 90' lang='lat' dir='ltr'>praesens</span> <span class='ocrx_word' id='word_1_253' title='bbox 1014 2194 1186 2235; x_wconf 86' lang='lat' dir='ltr'>refertur</span> <span class='ocrx_word' id='word_1_254' title='bbox 1215 2194 1450 2245; x_wconf 89' lang='lat' dir='ltr'>subjectum,</span> <span class='ocrx_word' id='word_1_255' title='bbox 1480 2196 1524 2233; x_wconf 91' lang='lat' dir='ltr'>ut</span> <span class='ocrx_word' id='word_1_256' title='bbox 1555 2193 1677 2244; x_wconf 87' lang='lat' dir='ltr'>Soph.</span> <span class='ocrx_word' id='word_1_257' title='bbox 1707 2193 1772 2245; x_wconf 91' lang='lat' dir='ltr'>Aj.</span> 
     </span>
     <span class='ocr_line' id='line_1_37' title="bbox 289 2265 1086 2318; baseline 0 -16"><span class='ocrx_word' id='word_1_258' title='bbox 289 2265 397 2303; x_wconf 86' lang='lat'>1026</span> <span class='ocrx_word' id='word_1_259' title='bbox 1072 2312 1086 2318; x_wconf 30' lang='grc' dir='ltr'><strong><em>η</em></strong></span> 
     </span>
    </p>

    <p class='ocr_par' dir='ltr' id='par_1_9' title="bbox 286 2310 1584 2714">
     <span class='ocr_line' id='line_1_38' title="bbox 1034 2310 1482 2370; baseline -0.004 -11"><span class='ocrx_word' id='word_1_260' title='bbox 1034 2315 1216 2368; x_wconf 74' lang='grc' dir='ltr'><strong><em>εἶδες,</em></strong></span> <span class='ocrx_word' id='word_1_261' title='bbox 1247 2310 1307 2365; x_wconf 81' lang='grc' dir='ltr'>ὡς</span> <span class='ocrx_word' id='word_1_262' title='bbox 1332 2311 1482 2370; x_wconf 78' lang='grc' dir='ltr'><strong><em>χρόνῳ</em></strong></span> 
     </span>
     <span class='ocr_line' id='line_1_39' title="bbox 519 2376 1552 2440; baseline 0 -14"><span class='ocrx_word' id='word_1_263' title='bbox 519 2382 671 2440; x_wconf 76' lang='grc' dir='ltr'><strong><em>ἔμελλέ</em></strong></span> <span class='ocrx_word' id='word_1_264' title='bbox 700 2377 923 2440; x_wconf 78' lang='grc' dir='ltr'><strong><em>σ’Ἕκτωρ</em></strong></span> <span class='ocrx_word' id='word_1_265' title='bbox 954 2384 1030 2426; x_wconf 85' lang='grc' dir='ltr'>καὶ</span> <span class='ocrx_word' id='word_1_266' title='bbox 1060 2380 1221 2426; x_wconf 74' lang='grc' dir='ltr'><strong><em>θανών</em></strong></span> <span class='ocrx_word' id='word_1_267' title='bbox 1251 2376 1552 2437; x_wconf 75' lang='grc' dir='ltr'><strong><em>ἆποφθίσειν;</em></strong></span> 
     </span>
     <span class='ocr_line' id='line_1_40' title="bbox 287 2456 452 2496; baseline 0.006 -1"><span class='ocrx_word' id='word_1_268' title='bbox 287 2456 352 2495; x_wconf 86' lang='grc' dir='ltr'>ΕΙ.</span> <span class='ocrx_word' id='word_1_269' title='bbox 374 2458 452 2496; x_wconf 80' lang='grc'>677</span> 
     </span>
     <span class='ocr_line' id='line_1_41' title="bbox 519 2510 1474 2577; baseline -0.002 -15"><span class='ocrx_word' id='word_1_270' title='bbox 519 2513 842 2577; x_wconf 77' lang='grc' dir='ltr'><strong><em>ἀπωλόμην</em></strong></span> <span class='ocrx_word' id='word_1_271' title='bbox 872 2516 1102 2577; x_wconf 81' lang='grc' dir='ltr'><strong><em>δύστηνος,</em></strong></span> <span class='ocrx_word' id='word_1_272' title='bbox 1132 2512 1264 2562; x_wconf 77' lang='grc' dir='ltr'><strong><em>οὐδέν</em></strong></span> <span class='ocrx_word' id='word_1_273' title='bbox 1295 2510 1376 2573; x_wconf 74' lang='grc' dir='ltr'><strong><em>εἰμ’</em></strong></span> <span class='ocrx_word' id='word_1_274' title='bbox 1396 2516 1474 2571; x_wconf 75' lang='grc' dir='ltr'>ἔτι,</span> 
     </span>
     <span class='ocr_line' id='line_1_42' title="bbox 286 2585 1584 2643; baseline -0.002 -11"><span class='ocrx_word' id='word_1_275' title='bbox 286 2605 409 2643; x_wconf 90' lang='lat' dir='ltr'>quum</span> <span class='ocrx_word' id='word_1_276' title='bbox 437 2593 565 2632; x_wconf 89' lang='lat' dir='ltr'>tribus</span> <span class='ocrx_word' id='word_1_277' title='bbox 595 2593 779 2632; x_wconf 85' lang='lat' dir='ltr'>versibus</span> <span class='ocrx_word' id='word_1_278' title='bbox 810 2594 903 2632; x_wconf 87' lang='lat' dir='ltr'>ante</span> <span class='ocrx_word' id='word_1_279' title='bbox 933 2592 1071 2632; x_wconf 87' lang='lat' dir='ltr'>eadem</span> <span class='ocrx_word' id='word_1_280' title='bbox 1101 2591 1262 2631; x_wconf 86' lang='lat' dir='ltr'>Electra</span> <span class='ocrx_word' id='word_1_281' title='bbox 1292 2590 1436 2630; x_wconf 83' lang='lat' dir='ltr'>dixerit</span> <span class='ocrx_word' id='word_1_282' title='bbox 1465 2585 1584 2643; x_wconf 83' lang='lat'>(674)</span> 
     </span>
     <span class='ocr_line' id='line_1_43' title="bbox 516 2648 1482 2714; baseline -0.003 -15"><span class='ocrx_word' id='word_1_283' title='bbox 516 2656 560 2699; x_wconf 85' lang='grc' dir='ltr'>οἲ</span> <span class='ocrx_word' id='word_1_284' title='bbox 588 2649 666 2712; x_wconf 80' lang='grc' dir='ltr'>’γώ</span> <span class='ocrx_word' id='word_1_285' title='bbox 694 2650 881 2708; x_wconf 78' lang='grc' dir='ltr'><strong><em>τάλαιν’,</em></strong></span> <span class='ocrx_word' id='word_1_286' title='bbox 914 2651 1069 2699; x_wconf 58' lang='lat' dir='ltr'>&amp;ama</span> <span class='ocrx_word' id='word_1_287' title='bbox 1086 2672 1112 2698; x_wconf 89' lang='grc' dir='ltr'>α</span> <span class='ocrx_word' id='word_1_288' title='bbox 1141 2648 1237 2710; x_wconf 74' lang='grc' dir='ltr'>τῇδ’</span> <span class='ocrx_word' id='word_1_289' title='bbox 1257 2654 1306 2697; x_wconf 81' lang='grc' dir='ltr'>ἐν</span> <span class='ocrx_word' id='word_1_290' title='bbox 1334 2649 1482 2714; x_wconf 74' lang='grc' dir='ltr'><strong><em>ἡμέρᾳ.</em></strong></span> 
     </span>
    </p>

    <p class='ocr_par' dir='ltr' id='par_1_10' title="bbox 397 2738 1774 2798">
     <span class='ocr_line' id='line_1_44' title="bbox 397 2738 1774 2798; baseline 0 -19"><span class='ocrx_word' id='word_1_291' title='bbox 397 2739 434 2779; x_wconf 91' lang='grc' dir='ltr'><strong>Α</strong></span> <span class='ocrx_word' id='word_1_292' title='bbox 462 2743 671 2798; x_wconf 85' lang='lat' dir='ltr'>praesente</span> <span class='ocrx_word' id='word_1_293' title='bbox 708 2742 841 2781; x_wconf 88' lang='lat' dir='ltr'>autem</span> <span class='ocrx_word' id='word_1_294' title='bbox 882 2752 929 2780; x_wconf 91' lang='lat' dir='ltr'>eo</span> <span class='ocrx_word' id='word_1_295' title='bbox 971 2738 1188 2792; x_wconf 88' lang='lat' dir='ltr'>perfectum</span> <span class='ocrx_word' id='word_1_296' title='bbox 1219 2738 1369 2792; x_wconf 74' lang='lat' dir='ltr'>differt,</span> <span class='ocrx_word' id='word_1_297' title='bbox 1413 2739 1521 2791; x_wconf 90' lang='lat' dir='ltr'>quod</span> <span class='ocrx_word' id='word_1_298' title='bbox 1562 2742 1774 2791; x_wconf 84' lang='lat' dir='ltr'>praesente</span> 
     </span>
    </p>

    <p class='ocr_par' dir='ltr' id='par_1_11' title="bbox 287 2808 1776 2862">
     <span class='ocr_line' id='line_1_45' title="bbox 287 2808 1776 2862; baseline 0 -14"><span class='ocrx_word' id='word_1_299' title='bbox 287 2821 418 2850; x_wconf 86' lang='lat' dir='ltr'>merus</span> <span class='ocrx_word' id='word_1_300' title='bbox 447 2810 616 2862; x_wconf 84' lang='lat' dir='ltr'>subjecti</span> <span class='ocrx_word' id='word_1_301' title='bbox 635 2812 777 2862; x_wconf 83' lang='lat' dir='ltr'>status,</span> <span class='ocrx_word' id='word_1_302' title='bbox 809 2810 877 2861; x_wconf 89' lang='lat' dir='ltr'>qui</span> <span class='ocrx_word' id='word_1_303' title='bbox 903 2810 947 2856; x_wconf 17' lang='lat' dir='ltr'>*in</span> <span class='ocrx_word' id='word_1_304' title='bbox 968 2809 1135 2849; x_wconf 86' lang='lat' dir='ltr'>durante</span> <span class='ocrx_word' id='word_1_305' title='bbox 1164 2808 1400 2860; x_wconf 89' lang='lat' dir='ltr'>plerumque</span> <span class='ocrx_word' id='word_1_306' title='bbox 1422 2809 1580 2849; x_wconf 84' lang='lat' dir='ltr'>actione</span> <span class='ocrx_word' id='word_1_307' title='bbox 1610 2811 1776 2861; x_wconf 86' lang='lat' dir='ltr'>constat,</span> 
     </span>
    </p>
   </div>
  </div>
 </body>
</html>
