2046 3272
820 131 1106 189 ...194

221 265 420 321 gestellten
453 264 565 306 That.
624 265 669 304 K.
699 264 753 305 W.
782 265 986 315 Krueqers
1015 265 1181 305 Eintritl
1217 265 1318 305 steht
1353 265 1464 306 nicht
1501 265 1625 307 damit
1659 266 1703 307 in

232 335 530 384 Wzderspruch,
569 336 697 373 indem
726 336 785 383 oft
822 335 894 373 der
925 334 1093 373 Eintrz‘tt
1121 335 1181 372 als
1210 335 1378 373 Factum
1413 346 1467 374 an
1497 336 1584 375 sich
1611 337 1704 385 auf-

221 406 373 455 aefasst
398 404 512 441 werd.
572 402 712 441 Dieser
741 402 898 451 Beyriff
935 402 1003 440 des
1033 402 1306 441 Momentanen
1343 403 1413 442 hat
1450 404 1548 443 aber
1575 404 1704 443 ments

219 475 293 512 mit
322 472 394 510 der
424 471 613 519 Zec'tstufe
640 481 693 508 zu
724 469 847 508 thunf
904 471 964 508 De
995 482 1074 519 qua
1103 482 1147 508 re
1177 469 1360 509 Pfuhlius
1396 472 1595 521 copiosius
1625 472 1702 510 dis-

224 540 358 581 seruit.
416 539 554 578 Inesse
584 532 681 577 dicit
708 538 875 589 aoristO,
915 539 959 576 ut
987 537 1110 587 ipsius
1140 539 1230 577 utar
1259 539 1390 578 verbis
1418 542 1518 587 ,eine
1545 540 1704 579 zeitlich
1752 578 1757 582 .

223 607 484 648 besehrdnlcte
523 605 770 656 Thatiylceit‘,
811 608 881 644 aut
919 606 992 655 ita,
1033 608 1077 644 ut
1117 606 1224 655 quod
1265 608 1410 646 aoristo
1450 609 1704 659 exprimatur,

223 676 375 716 nullum
406 674 564 726 expleat
600 674 787 726 temporis
827 673 1014 726 spatium,
1052 671 1098 714 'ut
1127 671 1298 724 θανεῖν,
1336 677 1405 715 aut
1433 676 1505 728 ita,
1545 679 1589 716 ut
1629 677 1704 716 etsi

225 746 339 783 duret
368 744 514 781 durare
552 747 683 781 tamen
723 755 801 780 non
839 742 1027 792 fingatur,
1068 743 1139 780 sed
1179 755 1259 780 una
1296 744 1499 782 absolutae
1537 744 1704 782 actionis

224 811 368 863 specie,
398 810 461 849 cui
482 812 521 849 et
541 810 693 848 initium
715 812 754 848 et
773 808 862 848 finis
884 809 1001 848 simul
1021 810 1126 861 insit,
1156 810 1523 862 comprehendatur.
1581 811 1703 851 Posse

224 882 355 919 autem
384 881 453 917 aut
483 878 637 916 initium
667 878 792 928 magis
822 878 988 916 actionis
1018 882 1087 916 aut
1105 877 1222 917 finem
1243 879 1400 929 respici.
1457 879 1589 928 Atque
1618 891 1703 917 eam

225 947 341 986 simul
371 958 457 985 esse
486 946 622 984 aoristi
651 946 866 995 notionem,
896 948 939 983 ut
968 946 1070 984 actio
1101 945 1363 995 aliquando
1394 945 1480 984 fieri
1510 945 1703 996 significe-

223 1017 301 1066 tur,
330 1013 434 1053 unde
463 1018 532 1052 aut
560 1013 817 1064 praeteritum
848 1004 889 1052 in
918 1015 1074 1063 tempus
1096 1008 1333 1065 (ἐποίησα),
1365 1017 1434 1053 aut
1462 1015 1504 1051 in
1528 1014 1704 1053 futurum

224 1074 436 1134 (ποιήσω)
462 1081 665 1120 transferri
694 1081 830 1131 possit.
889 1082 1027 1120 Varias
1046 1082 1170 1132 igitur
1190 1082 1326 1120 aoristi
1346 1084 1563 1132 potestates
1584 1095 1705 1133 quum

224 1152 324 1190 bene
355 1150 632 1200 explicaverit,
673 1162 758 1188 eam
787 1153 917 1188 tamen
948 1151 1164 1201 notionem,
1205 1162 1284 1200 qua
1321 1150 1425 1189 effici
1455 1150 1608 1200 aliquid
1639 1163 1704 1189 ex-

225 1219 425 1270 primitur,
464 1218 650 1268 neglexit.
709 1218 851 1267 Neque
879 1218 1133 1268 intelligitur,
1174 1218 1370 1267 quomodo
1411 1230 1461 1256 ex
1500 1219 1707 1268 proposita

226 1287 362 1325 aoristi
392 1288 532 1323 natura
562 1287 769 1334 sequatur,
811 1287 854 1322 ut
882 1285 1096 1334 aliquando
1136 1285 1331 1323 actionem
1371 1284 1457 1323 fieri
1499 1288 1707 1324 statuatur.

227 1353 338 1403 Quae
367 1354 475 1393 notio
506 1365 555 1393 ne
585 1352 749 1404 propria
779 1352 940 1403 quidem
968 1353 1107 1392 aoristi
1142 1355 1217 1400 est,
1258 1366 1379 1403 quum
1420 1353 1555 1392 eadem
1593 1366 1705 1404 prae-

225 1424 348 1462 sentis
373 1422 556 1460 infinitivi
586 1432 674 1459 esse
695 1422 840 1470 possit.

337 1492 524 1530 Veterum
554 1490 898 1540 grammaticorum
937 1501 1172 1540 graecorum
1212 1490 1261 1528 de
1300 1490 1436 1529 aoristi
1466 1492 1609 1528 natura
1637 1489 1704 1529 do-

225 1560 390 1598 ctrinam
425 1571 504 1598 non
535 1557 932 1597 commemorabimus.
988 1558 1080 1597 Non
1120 1561 1228 1597 recte
1268 1561 1400 1597 autem
1431 1557 1592 1597 Curtius
1622 1558 1708 1597 Erl.

224 1640 263 1678 p.
281 1630 360 1667 175
391 1628 549 1666 illorum
593 1621 847 1664 συντέλειαν
887 1626 1084 1664 notionem
1129 1638 1214 1664 eam
1255 1638 1340 1665 esse
1370 1626 1441 1678 ait,
1482 1639 1561 1676 qua
1602 1625 1706 1665 effici

225 1690 375 1746 aliquid
425 1695 623 1734 indicetur
663 1695 898 1743 (ssffectiver
941 1693 1158 1733 Gebrauch.
1190 1695 1257 1734 des
1294 1694 1495 1740 Aorists‘).
1563 1695 1706 1744 Neque

224 1763 462 1802 Mullachius
499 1776 620 1813 quum
649 1755 902 1813 παράτασιν
941 1764 980 1801 et
1010 1757 1265 1800 συντέλειαν
1304 1762 1440 1801 eodem
1480 1762 1595 1801 modo
1626 1774 1706 1812 quo

224 1831 406 1881 proprias
435 1831 657 1880 praesentis
688 1833 728 1868 et
756 1831 890 1868 aoristi
921 1830 1103 1868 notiones
1145 1829 1305 1869 differre
1347 1829 1469 1880 dicat,
1510 1829 1607 1880 quid
1636 1829 1707 1868 illa

153 1945 156 1953 Ι
225 1900 567 1949 grammaticorum
597 1899 791 1939 vocabula
820 1899 894 1938 sibi
924 1899 1050 1937 velint
1080 1899 1278 1947 cognovit.

923 2045 947 2088 δ
976 2046 1015 2082 4.

228 2117 412 2164 Aoristi
445 2132 498 2163 ac
531 2120 799 2175 praesentis
827 2119 1050 2163 notiones
1080 2118 1327 2172 quomodo
1351 2119 1402 2162 in
1426 2118 1559 2162 verbi
1589 2119 1706 2162 tem-

292 2201 489 2254 poribus
522 2213 630 2244 cum
661 2200 894 2254 temporis
924 2199 1273 2253 significatione
1305 2198 1642 2243 confluxerint.

337 2308 558 2346 Discrimen
600 2307 703 2345 inter
745 2307 880 2346 aoristi
922 2311 961 2345 et
1000 2307 1221 2358 praesentis
1262 2307 1442 2345 notiones
1483 2306 1707 2345 institutum

230 2386 306 2422 quo
348 2376 387 2413 in
430 2375 613 2426 augenda
653 2378 873 2424 temporum
925 2376 1038 2424 copia
1079 2377 1274 2413 momento
1324 2374 1443 2412 fuerit
1492 2374 1707 2412 videamus.

226 2440 326 2478 Nam
357 2455 477 2492 quum
507 2445 588 2481 tres
619 2443 697 2480 sint
725 2443 915 2493 temporis
945 2444 1072 2481 status
1105 2440 1414 2490 (,Zec'tstusen‘)‚
1454 2453 1558 2480 unus
1594 2454 1707 2493 prae-

226 2510 363 2562 sentis,
403 2512 504 2550 alter
542 2511 762 2562 praeteriti,
802 2512 943 2550 tertius
985 2512 1109 2550 futuri
1149 2511 1354 2561 temporis,
1403 2511 1478 2548 iam
1521 2511 1709 2560 quoniam

233 2578 367 2617 aoristi
399 2583 437 2618 et
465 2579 689 2630 praesentis
719 2580 899 2618 notiones
930 2579 1139 2618 distinctae
1160 2581 1263 2630 sunt,
1293 2590 1364 2617 sex
1394 2578 1563 2617 fortasse
1593 2581 1710 2629 putes

229 2647 424 2686 exstitisse
453 2651 651 2699 tempora,
690 2650 734 2686 ut
765 2648 959 2699 cuiusque
989 2650 1115 2687 status
1146 2650 1185 2687 et
1214 2660 1260 2687 ea
1290 2649 1396 2686 esset
1425 2646 1570 2699 forma,
1606 2660 1709 2698 quae

228 2717 465 2767 praesentis,
507 2719 546 2754 et
576 2729 640 2766 ea,
680 2728 782 2766 quae
821 2717 956 2756 aoristi
995 2719 1231 2766 potestatem
1261 2715 1440 2754 referret.
1498 2716 1710 2765 Explican-

229 2779 319 2820 dum
350 2784 472 2835 igitur
501 2788 579 2835 est,
619 2785 687 2834 qui
729 2784 876 2843 factum
916 2786 982 2835 sit,
1024 2787 1067 2822 ut
1105 2784 1310 2834 praeteriti
1352 2784 1479 2822 solum
1521 2784 1711 2833 temporis

1393 2857 1439 2882 6)*

1393 2882 1412 2892 -ι
