2046 3272
345 252 581 303 plerumque
622 250 856 302 imperfecto
898 255 1125 309 ponuntur,
1165 264 1267 303 quae
1308 241 1487 304 durant,
1504 252 1662 292 -aoristo
1703 255 1836 293 autem

346 333 449 371 quae
479 323 644 371 repente
673 319 862 358 accidunt
890 333 964 359 nec
994 321 1181 371 temporis
1220 321 1390 370 spatium
1428 321 1590 371 explere
1619 320 1837 372 finguntur.

345 388 488 438 Neque
517 388 558 426 id
588 387 741 426 mirum.
798 387 974 426 Facilius
1015 388 1117 427 enim
1157 390 1195 426 et
1227 388 1357 439 aptius
1397 400 1498 438 quae
1540 388 1688 427 durant
1717 400 1836 439 quam

348 469 451 506 quae
484 457 561 495 cito
594 458 803 494 transeunt
843 456 1133 495 describuntur.
1194 456 1257 494 Ne
1287 456 1375 505 quis
1413 459 1547 494 tamen
1583 457 1623 495 in
1653 457 1727 495 hac
1757 469 1836 496 om-

289 541 291 544 <
347 524 440 564 nino
471 536 516 563 re
546 523 683 563 aoristi
705 526 745 562 et
774 523 997 573 imperfecti
1019 524 1229 563 discrimen
1249 524 1424 574 positum
1452 535 1541 563 esse
1561 526 1684 575 putet,
1714 536 1836 575 quum

346 595 385 630 et
414 604 461 630 ea
491 604 593 640 quae
618 591 684 629 vel
714 591 919 629 celerrime
951 591 1207 630 absolvuntur
1236 590 1466 640 imperfecto
1498 595 1537 630 et
1566 605 1614 631 ea
1635 604 1738 642 quae
1758 605 1832 642 per

345 659 506 709 longum
548 658 763 698 trahuntur
803 660 961 709 tempus
1012 660 1157 698 aorIsto
1199 658 1353 709 concipi
1392 660 1555 710 possint.
1625 660 1757 710 Atque
1794 659 1835 699 id

346 739 570 778 monemus,
623 739 673 766 ne
724 727 813 777 quis
864 727 980 766 nimis
1021 728 1164 767 subtile
1205 728 1307 766 inter
1348 721 1498 766 >raoristi
1540 731 1579 767 et
1616 728 1837 778 imperfecti

345 794 451 844 apud
480 795 696 834 Homerum
724 794 915 845 imprimis
952 808 1066 834 usum
1097 795 1305 834 discrimen
1335 797 1506 847 statuat3
1541 798 1700 846 poetam
1730 796 1833 835 enim

346 863 409 902 vel
439 866 564 903 metro
595 863 753 913 saepius
791 866 835 902 ut
865 863 1101 903 alterutrum
1131 866 1297 914 poneret
1337 863 1498 903 ductum
1534 876 1622 903 esse
1651 864 1835 915 intelligi-

345 944 443 983 mus,
472 934 517 971 ut
544 932 591 970 Il.
623 935 658 982 1,
688 933 771 971 465

400 989 541 1051 αὐτὰρ
573 995 669 1038 ἐπεὶ
700 993 814 1037 κατὰ
843 990 941 1052 μῆρ’
964 993 1071 1052 ἐκάη
1102 997 1176 1038 καὶ
1207 989 1419 1051 σπλάγχν’
1440 993 1678 1049 ἐπάσαντο,

401 1060 693 1119 μίστυλλόν
722 1079 747 1105 τ
783 1058 869 1119 ἄρα
899 1054 1039 1106 τᾶλλα
1070 1064 1144 1106 καὶ
1175 1057 1279 1118 ἀμφ’
1299 1057 1520 1115 ὀβελοῖσιν
1550 1062 1775 1119 ἔπειραν.

344 1130 399 1186 (v.
429 1136 582 1185 Krueg.
612 1135 663 1185 Π,
694 1134 717 1180 ἓ
749 1136 814 1185 53,
845 1137 883 1186 2,
913 1148 949 1173 n.
987 1130 1039 1186 1).

464 1203 546 1241 Eae
577 1204 710 1241 autem
740 1202 935 1252 imprimis
956 1202 1132 1241 actiones
1152 1202 1372 1253 imperfecti
1401 1202 1567 1242 formam
1587 1205 1836 1255 receperunt,

349 1283 453 1321 quae
484 1271 629 1321 dignae
658 1258 802 1320 poetae
832 1271 1090 1321 videbantur,
1119 1271 1160 1309 in
1189 1271 1334 1320 quibus
1365 1270 1562 1310 intuendis
1592 1271 1835 1310 audientium

343 1339 409 1378 vel
444 1339 662 1390 legentium
704 1339 823 1378 animi
859 1339 1148 1390 retinerentur,
1188 1341 1231 1377 ut
1259 1338 1496 1379 Tecmessae
1536 1338 1669 1379 verbis
1711 1331 1832 1390 supra

344 1408 474 1447 allatis
503 1408 545 1446 in
574 1407 708 1446 Aiacis
737 1407 981 1446 facinoribus
1021 1409 1171 1446 mentes
1210 1406 1396 1457 figuntur.
1453 1408 1574 1447 Aliud
1613 1407 1833 1482 exemplum

345 1479 407 1516 est
435 1476 483 1515 ΙΙ.
514 1477 551 1527 5,
581 1477 664 1515 370

519 1535 545 1595 ἡ
577 1534 617 1581 δ’
639 1539 688 1581 ἐν
719 1536 907 1595 γούνασι
938 1548 1110 1581 πῖπτε
1143 1536 1312 1596 Διώνης
1345 1533 1402 1581 δῖ’
1417 1534 1649 1595 Αφροδίτη

344 1613 422 1664 ubi,
452 1623 556 1663 quae
593 1612 814 1663 spectanda
843 1623 939 1651 sane
981 1623 1045 1650 res
1087 1614 1163 1663 est,
1203 1614 1452 1651 corruentem
1487 1611 1598 1650 vides
1628 1613 1833 1651 Venerem.

344 1681 551 1755 Appositis
581 1680 780 1720 interdum
812 1681 864 1720 ad
894 1681 1168 1731 imperfectum
1197 1681 1397 1720 adverbiis
1433 1683 1477 1719 ut
1507 1676 1693 1730 σπουδῇ,
1719 1665 1832 1739 ὦκα,

345 1742 428 1800 τὴν
458 1744 683 1800 ταχίστην,
715 1737 889 1795 αὐτίκα,
919 1748 960 1786 in
988 1748 1117 1797 ipsum
1155 1748 1320 1786 actionis
1351 1748 1562 1787 decursum
1591 1749 1657 1787 vel
1685 1725 1736 1786 ad
1766 1748 1833 1787 ho-

344 1817 492 1854 minum
523 1816 563 1853 in
605 1828 653 1854 ea
694 1815 939 1865 gnavitatem
981 1815 1135 1853 animus
1174 1815 1402 1853 intenditur.
1466 1814 1691 1854 Celeritatis
1729 1815 1832 1853 enim

341 1884 542 1923 notionem
571 1883 789 1934 imperfecti
822 1885 989 1922 naturae
1019 1883 1176 1921 minime
1205 1895 1430 1934 repugnare
1461 1882 1641 1922 diximus.
1697 1882 1831 1934 Atque

341 1952 468 1989 multa.
497 1963 601 2001 quae
630 1952 689 1989 rei
718 1951 839 1989 alicui
868 1951 1045 2001 impensa
1074 1952 1134 1988 est
1163 1962 1287 2000 opera
1315 1951 1382 1989 vel
1411 1950 1561 1989 laboris
1591 1950 1832 1990 diuturnitas

340 2020 509 2059 indicari
539 2019 773 2071 imperfecto
803 2022 950 2070 potest,
979 2021 1022 2058 ut
1052 2019 1084 2057 si
1114 2020 1292 2070 sculptor
1322 2019 1525 2059 confectae
1556 2021 1710 2058 statuae
1740 2019 1831 2059 sub-

340 2087 478 2125 scribit
506 2082 648 2124 ἐποίει
678 2081 733 2136 (v.
764 2086 872 2124 Curt.
903 2086 988 2123 Erl.
1017 2097 1055 2134 p.
1087 2081 1196 2134 173).
1253 2087 1380 2136 Saepe
1400 2099 1495 2125 vero
1526 2099 1574 2125 ea
1603 2080 1828 2136 imperfecti

339 2158 517 2205 potestas
547 2155 758 2195 statuenda
799 2154 914 2194 nobis
946 2156 1017 2206 est,
1056 2157 1110 2205 ut,
1150 2167 1271 2205 quum
1302 2155 1434 2206 magni
1463 2154 1584 2195 fuerit
1613 2155 1715 2194 actio
1747 2168 1824 2195 mo-

340 2223 473 2274 menti,
501 2223 599 2262 haec
628 2224 716 2273 ipsa
747 2223 872 2262 oculis
901 2222 1146 2272 subjiciatur.
1203 2223 1321 2273 Soph.
1351 2222 1397 2267 O.
1426 2223 1474 2261 T.
1508 2225 1614 2262 1391
1788 2215 1792 2221 ¹

397 2291 495 2333 Oed.
554 2284 609 2329 ἰώ
639 2283 888 2343 Κιθαιρών,
916 2286 960 2328 τί
989 2278 1032 2341 μ’
1063 2284 1270 2341 &dayam
1297 2286 1340 2329 τί
1368 2279 1411 2341 μ’
1432 2278 1487 2329 οὗ
1519 2283 1672 2338 λαβὼν

560 2354 760 2405 ἔκτεινας
790 2349 955 2405 εὐθύς,

339 2429 441 2468 Nam
472 2427 651 2479 Oedipus
681 2441 728 2468 eo
758 2428 928 2479 periisse
958 2427 1035 2466 sibi
1064 2426 1286 2479 videbatur,
1316 2427 1436 2479 quod,
1472 2439 1593 2477 quum
1623 2429 1740 2466 natus
1770 2438 1829 2466 es—

339 2499 410 2549 set,
440 2508 521 2536 non
551 2496 785 2536 interfectus
816 2497 888 2536 sed
918 2496 959 2534 in
991 2495 1269 2534 Cithaeronem
1299 2498 1470 2535 montem
1500 2498 1682 2535 servatus
1714 2498 1829 2535 esset.

337 2566 447 2606 Idem
477 2579 514 2605 v.
546 2569 652 2606 1401
685 2567 784 2606 haec
814 2566 994 2616 loquitur

1021 2618 1107 2684 ἆρα
1134 2642 1221 2698 μου
1250 2621 1465 2685 μέμνησθ’
1487 2621 1560 2670 ὅτι4

544 2691 610 2739 οἷ’
632 2696 738 2753 ἔργα
769 2694 934 2753 δράσας
963 2688 1080 2751 ὗμιν,
1112 2692 1204 2737 εἶτα
1235 2690 1351 2752 δεῦρ’
1372 2695 1456 2739 idm

540 2759 661 2808 ὁποῖ’
682 2763 954 2823 ἔπρασσον
985 2754 1143 2815 αὗθις,·
1173 2754 1210 2806 ὦ
1238 2761 1382 2820 γάμοι,
1410 2762 1542 2822 γάμοι
1571 2766 1662 2808 κτλ.

1517 3253 1557 3272 a„
1567 3241 1804 3272 ..amsii-2⁵*
1906 3243 1910 3247 ’
