2046 3272
828 173 1110 213 —13-

923 301 947 345 δ
978 303 1014 340 3.

316 378 386 421 De
416 388 472 420 eo
504 377 631 430 quod
660 377 790 421 inter
821 376 1043 430 proprias
1074 376 1246 419 aoristi
1277 387 1331 418 ac
1363 375 1631 429 praesentis

558 455 781 499 notiones
812 454 1072 517 intercedit
1101 454 1393 497 discrimine.

344 562 406 600 De
433 562 652 611 praesentis
692 563 731 600 et
760 560 896 601 aoristi
926 560 1150 599 discrimine
1180 560 1247 599 ubi
1278 561 1429 611 agitur,
1459 573 1538 599 non
1567 560 1714 599 indica-

198 668 200 670 ι
232 631 357 670 tivum
387 628 522 668 aoristi
550 629 617 668 vel
645 629 863 680 praesentis
892 628 1038 679 respici
1065 629 1259 680 volumus,
1289 628 1358 667 sed
1387 627 1717 668 infinitivum.

232 696 380 739 Aoristi
411 698 514 736 enim
544 695 759 737 indicativo
789 710 869 737 non
899 709 1007 737 mera
1045 697 1147 736 inest
1177 696 1313 736 aoristi
1343 697 1421 747 vis,
1462 697 1553 748 sed,
1594 709 1716 747 quum

233 767 487 816 augmentum
517 765 692 804 additum
722 766 789 817 sit,
818 765 1022 817 praeteriti
1051 765 1240 816 temporis
1270 763 1557 815 significatione
1587 767 1715 804 aucta.

232 820 315 875 Neo
344 833 471 872 minus
500 835 720 883 praesentis
750 834 963 873 indicativo
993 837 1153 884 praeter
1181 834 1422 884 praesentis,
1458 846 1559 883 quae
1591 834 1631 871 in
1661 834 1718 872 in-

233 902 383 941 finitivo
415 906 483 952 est,
511 902 591 939 vim
620 903 841 951 praesentis
870 903 1059 953 temporis
1089 902 1196 940 notio
1227 901 1404 939 accessit.

346 989 387 1018 a.
417 980 592 1031 Simplex
620 981 765 1020 aoristo
796 980 987 1019 subfuerit
1016 981 1124 1019 notio
1146 992 1309 1020 necesse
1330 982 1400 1029 est,
1431 992 1551 1029 quam
1581 982 1717 1018 tamen

234 1048 368 1088 verbis
402 1049 607 1099 concipere
638 1048 908 1087 difficillimum
939 1050 1009 1087 est.
1067 1046 1298 1104 Significare
1330 1059 1417 1085 eum
1449 1047 1536 1086 dico
1563 1046 1719 1087 facinus

235 1117 397 1168 aliquod
430 1111 568 1168 (That)
606 1117 671 1155 vel
711 1118 767 1156 rei
799 1119 983 1156 eventum
1024 1115 1270 1166 (Ereiqnws),
1306 1118 1426 1166 atque
1463 1117 1519 1154 ita
1548 1116 1719 1166 plerum-

234 1196 334 1236 que,
376 1187 419 1223 ut
449 1185 516 1235 qui
554 1185 656 1223 inest
685 1185 848 1223 effectus
879 1185 970 1223 sive·
992 1184 1042 1222 ad
1073 1184 1297 1234 subjectum
1327 1184 1411 1222 sive
1441 1184 1491 1222 ad
1521 1184 1720 1243 objectum

233 1253 436 1303 pertinens
475 1253 744 1303 respiciatur„
779 1254 995 1292 Praesente
1033 1255 1163 1290 autem
1204 1252 1370 1302 subjecti
1410 1253 1554 1303 aliquis
1593 1254 1719 1290 status

238 1321 460 1360 continetur
489 1320 554 1358 vel
585 1332 688 1369 quae
719 1320 865 1359 durare
896 1321 1095 1371 cogitatur
1124 1321 1241 1359 actio.

348 1388 464 1437 Quod
506 1388 713 1427 discrimen
743 1389 873 1439 magni
904 1401 999 1428 sane
1035 1388 1220 1427 momenti
1256 1390 1326 1427 est.
1384 1388 1458 1426 Est
1499 1387 1640 1439 igitur,
1679 1391 1723 1426 ut

234 1457 414 1507 exemplo
445 1458 546 1507 utar,
578 1454 712 1507 γελᾶν
741 1456 844 1496 idem
876 1457 984 1507 quod
1013 1459 1074 1495 est
1104 1467 1186 1495 esse
1212 1457 1419 1504 ridentem,
1451 1456 1559 1507 quod
1579 1459 1719 1495 contra

233 1517 412 1575 γελάσαι
455 1527 496 1563 m
525 1526 648 1562 risum
677 1535 971 1573 prorumpere,
1011 1526 1135 1563 risum
1166 1526 1321 1570 tollere;
1370 1517 1583 1576 θνήσκειν
1621 1517 1721 1562 τινά

237 1594 303 1633 ubi
333 1594 478 1632 dixeris
509 1594 737 1631 morientem
767 1594 937 1643 aliquem
968 1604 1055 1631 esse
1085 1593 1154 1643 ais,
1184 1605 1306 1642 quum
1336 1590 1494 1629 θανεῖν
1530 1594 1579 1631 sit
1615 1604 1721 1631 mor-

239 1665 310 1699 tem
340 1661 460 1708 obire,
490 1664 553 1711 ut,
595 1673 717 1711 quum
746 1663 958 1711 praesente
988 1660 1188 1699 morientis
1218 1662 1366 1711 status,
1405 1661 1552 1700 aoristo
1582 1662 1720 1700 mortis

237 1732 403 1768 eventus
432 1728 688 1779 significetur.

354 1797 476 1837 Cuius
506 1797 739 1835 discriminis
769 1797 917 1835 indicia
947 1797 1036 1835 aliis
1067 1797 1183 1835 etiam
1213 1797 1253 1835 in
1284 1797 1429 1847 linguis
1449 1797 1718 1836 inveniuntur.

237 1863 367 1913 Quum
398 1865 500 1905 enim
531 1865 657 1905 eidem
696 1865 930 1916 plerumque
965 1864 1158 1904 infinitivo
1199 1867 1238 1904 et
1277 1864 1412 1904 aoristi
1452 1866 1510 1904 vis
1539 1868 1578 1905 et
1606 1879 1719 1918 prae-

237 1935 360 1974 sentis
400 1935 466 1985 sit,
506 1938 550 1973 ut
579 1936 619 1973 in
650 1935 789 1973 lachen
818 1935 884 1973 vel
911 1935 1088 1981 sterben,
1129 1946 1202 1973 nec
1244 1935 1372 1973 minus
1413 1936 1453 1973 in
1494 1936 1628 1973 ridere
1657 1936 1722 1974 vel

237 2004 338 2041 mori
376 2002 578 2041 infinitivis
619 2007 658 2042 et
694 2000 828 2054 γελᾶν
868 2002 933 2041 vel
964 1994 1177 2054 θνήσκειν
1205 2003 1432 2052 praesentia
1472 2006 1511 2042 et
1539 1995 1719 2054 γελάσαι

238 2071 304 2109 vel
333 2070 493 2109 θανεῖν
532 2071 669 2110 aoristi
699 2071 994 2121 contineantur,
1024 2073 1180 2110 exstant
1209 2073 1340 2109 tamen
1370 2083 1448 2110 non
1477 2072 1606 2122 pauci,
1638 2072 1720 2122 qui-

237 2137 311 2178 bus
341 2141 410 2178 aut
447 2139 667 2190 praesentis
698 2139 825 2178 solum
869 2141 913 2178 ut
942 2139 982 2178 in
1012 2140 1187 2178 dormire
1226 2142 1296 2178 aut
1324 2139 1456 2179 aoristi
1486 2143 1529 2179 ut
1557 2140 1599 2179 in
1629 2151 1722 2179 con-

237 2208 393 2255 spicere
421 2208 481 2246 vis
510 2208 622 2246 inest.
680 2207 829 2246 Aoristi
858 2210 990 2246 autem
1019 2208 1099 2246 vim
1137 2208 1191 2254 ita
1227 2218 1348 2259 saepe
1386 2208 1518 2247 verbis
1547 2206 1722 2248 additam

240 2275 436 2327 videmus,
490 2278 533 2314 ut
560 2275 831 2327 praefigantur
864 2276 1196 2327 praepositiones,
1234 2279 1278 2315 ut
1311 2278 1453 2325 facere
1492 2269 1724 2328 (πράττειν

237 2343 302 2383 vel
330 2335 508 2396 πρᾶξαι)
538 2365 595 2370 -
624 2345 784 2393 efficere
824 2341 1030 2395 (πρᾶξαι).
1088 2344 1177 2394 Qua
1216 2345 1265 2385 de
1305 2357 1347 2385 re
1379 2345 1537 2385 Curtius
1568 2346 1654 2385 Erl.
1685 2360 1723 2398 p.
1735 2338 1742 2348 ”

240 2414 318 2452 176
355 2413 554 2464 copiosius
610 2413 805 2452 disseruit.
864 2413 922 2452 Cf.
949 2424 1012 2462 qr
1039 2414 1221 2464 Sohulqr.
1259 2415 1282 2458 §
1313 2412 1406 2454 485.
1481 2416 1553 2454 Est
1593 2419 1725 2455 autem

238 2479 340 2520 inter
380 2493 428 2521 ea
466 2484 645 2533 tempora
683 2493 784 2532 quae
823 2481 1078 2532 Francogalli
1110 2482 1328 2532 Imparfac't
1366 2487 1406 2522 et
1445 2481 1574 2522 Passe'
1606 2481 1727 2532 de'fim‘

239 2550 461 2601 nominant,
510 2550 612 2590 idem
654 2550 737 2590 fere
778 2550 992 2589 discrimen
1032 2550 1139 2601 quod
1183 2551 1286 2591 inter
1323 2550 1614 2604 imperfectum,
1662 2553 1725 2593 cui

241 2618 473 2670 praesentis,
504 2622 544 2658 et
573 2619 707 2658 aoristi
737 2619 1006 2670 indicativum,
1037 2620 1100 2658 cui
1130 2620 1266 2659 aoristi
1288 2620 1395 2659 notio
1427 2621 1572 2660 subest.
1631 2622 1725 2662 Pro-

239 2684 342 2725 xime
371 2688 504 2727 autem
534 2687 575 2726 in
604 2687 679 2726 hac
708 2700 750 2727 re
781 2688 953 2727 slavicae
983 2688 1144 2740 linguae
1174 2688 1225 2727 ad
1253 2700 1440 2739 graecum
1468 2701 1584 2729 usum
1615 2702 1725 2730 acce-

241 2751 351 2798 dunt.
382 2752 436 2807 (v.
456 2755 659 2806 Pfuhlium
687 2769 725 2807 p.
748 2758 798 2796 14
829 2759 869 2796 et
898 2752 983 2808 35).
1041 2756 1303 2808 Distinguunt
1332 2757 1435 2797 enim
1470 2758 1575 2798 inter
1605 2759 1728 2799 verba

239 2829 525 2877 momentanea,
565 2824 707 2875 quibus
739 2825 890 2877 aoristi,
940 2828 978 2864 et
1018 2825 1142 2864 verba
1180 2826 1385 2874 durativa,
1427 2827 1572 2878 quibus
1613 2840 1727 2879 prae·
1767 2833 1778 2849 “

935 3002 953 3023 0
